=LDR  01721nab a2200493 i 4500
=001  b0000003043658
=005  20210722073737.2
=008  140102s2013\\\\pl\\\\\\\\\\\|000\0\pol\\
=009  991022462749705066
=015  \\$aBZCz 2014/01/181
=035  \\$a(EXLNZ-48OMNIS_NETWORK)9910363192005606
=035  \\$a(OCoLC)899897226
=035  \\$a(PL)b0000003043658
=035  \\$a(PL-WaBN)b30436588-48omnis_nlop
=035  \\$a991022462749705066
=035  \\$ab30436588
=040  \\$aWA N$cWA N$dWA N
=041  0\$apol$beng
=080  \\$a050+070(045/046)
=080  \\$a37(045/046)
=100  1\$aCzyżewski, Mariusz
=245  10$aWczoraj dzieci, dziś rodzice :$bwzorce osobowe w medialnym świecie postmodernizmu /$cMariusz Czyżewski.
=260  \\$c2013.
=336  \\$aTekst$btxt$2rdacontent
=337  \\$aBez urządzenia pośredniczącego$bn$2rdamedia
=338  \\$aWolumin$bnc$2rdacarrier
=380  \\$aArtykuły
=546  \\$aStreszcz. ang.
=630  07$aDD Reporter (czasopismo)$2DBN
=655  \7$aCzasopisma dziecięce polskie$xhistoria$yod 1989 r.$2DBN
=773  0\$iW:$tRoczniki Teologiczne Warszawsko-Praskie.$x1643-4870$gR. 9 (2013), s. 117-157$sRoczniki Teologiczne Warszawsko-Praskie
=902  \\$a170217$c140102$dm$eb$fb$g0
=909  \\$ab0000030436588
=915  \\$aBZCz 2014/01/181
=916  \\$aCzyżewski, Mariusz
=930  07$aDD Reporter (czasopismo)$2DBN
=931  \\$a050+070(045/046)
=931  \\$a37(045/046)
=955  \7$aCzasopisma dziecięce polskie$xhistoria$yod 1989 r.$2DBN
=980  \\$aArtykuły
=995  \\$aPolska Bibliografia Literacka$bPBL 2004-2020: czasopisma
=996  \\$a.b30436588$9local
=998  \\$ao$av$9local
=999  \\$abzcz$bbw$cbw$x01$y2014

