=LDR  01617nab a2200481 i 4500
=001  b0000003043659
=005  20200502060100.8
=008  140102s2013\\\\pl\\\\\\\\\\\|000\0\pol\\
=009  991022462799705066
=015  \\$aBZCz 2014/01/256
=035  \\$a(EXLNZ-48OMNIS_NETWORK)9910212915405606
=035  \\$a(OCoLC)899897227
=035  \\$a(PL)b0000003043659
=035  \\$a(PL-WaBN)b3043659x-48omnis_nlop
=035  \\$a991022462799705066
=035  \\$ab3043659x
=040  \\$aWA N$cWA N
=041  0\$apol$beng
=080  \\$a1(045/046)
=100  1\$aLis, Adam
=245  10$aXX-wieczna polska myśl mesjanistyczna /$cAdam Lis.
=246  3\$aDwudziestowieczna polska myśl mesjanistyczna
=260  \\$c2013.
=336  \\$aTekst$btxt$2rdacontent
=337  \\$aBez urządzenia pośredniczącego$bn$2rdamedia
=338  \\$aWolumin$bnc$2rdacarrier
=380  \\$aArtykuły
=546  \\$aStreszcz. ang.
=600  07$aJan Paweł$bII$c(papież ;$d1920-2005)$2DBN
=600  17$aBraun, Jerzy$d(1901-1975)$2DBN$1http://viaf.org/viaf/69087214
=648  \7$a1901-2000$2DBN
=650  \7$aMesjanizm$xhistoria$zPolska$y20 w.$2DBN
=773  0\$iW:$tRoczniki Teologiczne Warszawsko-Praskie.$x1643-4870$gR. 9 (2013), s. 159-175$sRoczniki Teologiczne Warszawsko-Praskie
=902  \\$a170217$c140102$dm$eb$fb$g0
=909  \\$ab000003043659x
=915  \\$aBZCz 2014/01/256
=916  \\$aLis, Adam
=931  \\$a1(045/046)
=980  \\$aArtykuły
=995  \\$aPolska Bibliografia Literacka$bPBL 2004-2020: czasopisma
=996  \\$a.b3043659x$9local
=998  \\$ao$av$9local
=999  \\$abzcz$bbw$cbw$x01$y2014

