=LDR  01774nab a2200517 i 4500
=001  b0000003043692
=005  20200502060111.3
=008  140102s2013\\\\pl\\\\\\\\\\\|000\0\pol\\
=009  991022464089705066
=015  \\$aBZCz 2014/01/3784
=035  \\$a(EXLNZ-48OMNIS_NETWORK)9910476073705606
=035  \\$a(OCoLC)899897075
=035  \\$a(PL)b0000003043692
=035  \\$a(PL-WaBN)b30436928-48omnis_nlop
=035  \\$a991022464089705066
=035  \\$ab30436928
=040  \\$aWA N$cWA N
=080  \\$a913(4/9)(045/046)
=080  \\$a929(045/046)
=100  1\$aKotlińska, Zofia$d(1979- )$1http://viaf.org/viaf/301396564
=245  10$aŻycie i śmierć. Namaluj to! /$cZofia Kotlińska.
=260  \\$c2013.
=336  \\$aTekst$btxt$2rdacontent
=337  \\$aBez urządzenia pośredniczącego$bn$2rdamedia
=338  \\$aWolumin$bnc$2rdacarrier
=380  \\$iMajor genre$aLiterature$leng
=380  \\$aArtykuły
=381  \\$iMajor genre$aOther$leng
=600  17$aKotlińska, Zofia$d(1979- )$2DBN$1http://viaf.org/viaf/301396564
=648  \7$a2001-$2DBN
=651  \7$aSighişoara (Rumunia)$2DBN
=655  \7$aLiteratura podróżnicza polska$y21 w.$2DBN
=773  0\$iW:$tW Drodze (Poznań).$x0137-480X.$g2013, nr 11, s. 77-85$sW Drodze
=902  \\$a170217$c140102$dm$eb$fb$g0
=909  \\$ab0000030436928
=915  \\$aBZCz 2014/01/3784
=916  \\$aKotlińska, Zofia   (1979- )
=931  \\$a913(4/9)(045/046)
=931  \\$a929(045/046)
=951  \7$aSighişoara (Rumunia)$2DBN
=955  \7$aLiteratura podróżnicza polska$y21 w.$2DBN
=980  \\$aArtykuły
=995  \\$aPolska Bibliografia Literacka$bPBL 2004-2020: czasopisma
=996  \\$a.b30436928$9local
=998  \\$ao$av$9local
=999  \\$abzcz$bmw$cmw$x01$y2014

