=LDR  01704nab a2200493 i 4500
=001  b0000003043694
=005  20200502060059.8
=008  140102s2013\\\\pl\\\\\\\\\\\|000\1\pol\\
=009  991022464149705066
=015  \\$aBZCz 2014/01/3600
=035  \\$a(EXLNZ-48OMNIS_NETWORK)9910377340905606
=035  \\$a(OCoLC)899897351
=035  \\$a(PL)b0000003043694
=035  \\$a(PL-WaBN)b30436941-48omnis_nlop
=035  \\$a991022464149705066
=035  \\$ab30436941
=040  \\$aWA N$cWA N
=080  \\$a821.162.1-1/-9(045/046)
=100  1\$aBatko, Renata$1http://viaf.org/viaf/250129146
=245  10$aCzarna dama ;$bMleko : opowieść wigilijna /$cRenata Batko.
=260  \\$c2013.
=336  \\$aTekst$btxt$2rdacontent
=337  \\$aBez urządzenia pośredniczącego$bn$2rdamedia
=338  \\$aWolumin$bnc$2rdacarrier
=380  \\$iMajor genre$aLiterature$leng
=380  \\$aArtykuły
=381  \\$iMajor genre$aFiction$leng
=388  1\$a2001-
=655  \7$aOpowiadanie polskie$y21 w.$2DBN
=700  12$aBatko, Renata$tMleko$1http://viaf.org/viaf/250129146
=773  0\$iW:$tLiterat Krakowski : pismo Krakowskiego Oddziału Związku Literatów Polskich.$x1689-8990.$gNr 5/6 (2012/2013), s. 5-22$sLiterat Krakowski
=902  \\$a170217$c140102$dm$eb$fb$g0
=909  \\$ab0000030436941
=915  \\$aBZCz 2014/01/3600
=916  \\$aBatko, Renata
=918  12$aBatko, Renata.
=931  \\$a821.162.1-1/-9(045/046)
=955  \7$aOpowiadanie polskie$y21 w.$2DBN
=980  \\$aArtykuły
=995  \\$aPolska Bibliografia Literacka$bPBL 2004-2020: czasopisma
=996  \\$a.b30436941$9local
=998  \\$ao$av$9local
=999  \\$aDBNd$bjka
=999  \\$abzcz$bbw$cbw$x01$y2014

