=LDR  01937nab a2200517 i 4500
=001  b0000003043701
=005  20201022130324.3
=008  140102s2013\\\\pl\\\\\\\\\\\|000\0bpol\\
=009  991022464399705066
=015  \\$aBZCz 2014/01/3147
=035  \\$a(EXLNZ-48OMNIS_NETWORK)9910150183105606
=035  \\$a(OCoLC)899897372
=035  \\$a(PL)b0000003043701
=035  \\$a(PL-WaBN)b30437015-48omnis_nlop
=035  \\$a991022464399705066
=035  \\$ab30437015
=040  \\$aWA N$cWA N
=080  \\$a80/81(045/046)
=080  \\$a929(045/046)
=100  1\$aTrysińska, Magdalena
=245  10$aProf. dr hab. Jerzy Podracki :$bprofesor słowa, człowiek czynu /$cMagdalena Trysińska.
=246  3\$aProfesor doktor habilitowany Jerzy Podracki
=260  \\$c2013.
=336  \\$aTekst$btxt$2rdacontent
=337  \\$aBez urządzenia pośredniczącego$bn$2rdamedia
=338  \\$aWolumin$bnc$2rdacarrier
=380  \\$iMajor genre$aLiterature$leng
=380  \\$aArtykuły
=381  \\$iMajor genre$aOther$leng
=600  17$aPodracki, Jerzy$d(1942- )$2DBN$1http://viaf.org/viaf/101736354
=650  \7$aJęzykoznawcy$zPolska$yod 1944 r.$2DBN
=655  \7$aBiografia$2DBN
=773  0\$iW:$tPoradnik Językowy (Kraków ; 1919).$x0551-5343.$g2013, z. 1, s. 7-13$sPoradnik Językowy (1919)
=902  \\$a170217$c140102$dm$eb$fb$g0
=909  \\$ab0000030437015
=915  \\$aBZCz 2014/01/3147
=916  \\$aTrysińska, Magdalena
=931  \\$a80/81(045/046)
=931  \\$a929(045/046)
=950  \\$uhttps://eu.alma.exlibrisgroup.com/view/uresolver/48OMNIS_NLOP/openurl?u.ignore_date_coverage=true&portfolio_pid=53661233440005066&Force_direct=true$zZobacz w Polonie$853661233440005066
=955  \7$aBiografia$2DBN
=980  \\$aArtykuły
=995  \\$aPolska Bibliografia Literacka$bPBL 2004-2020: czasopisma
=996  \\$a.b30437015$9local
=998  \\$ao$av$9local
=999  \\$abzcz$bjkr$cjkr$x01$y2014$amerk

