=LDR  01868nab a2200493 i 4500
=001  b0000003043711
=005  20201022130347.3
=008  140102s2013\\\\pl\\\\\\\\\\\|000\0\pol\\
=009  991022464859705066
=015  \\$aBZCz 2014/01/2067
=035  \\$a(EXLNZ-48OMNIS_NETWORK)9910282926105606
=035  \\$a(OCoLC)899897339
=035  \\$a(PL)b0000003043711
=035  \\$a(PL-WaBN)b30437118-48omnis_nlop
=035  \\$a991022464859705066
=035  \\$ab30437118
=040  \\$aWA N$cWA N
=041  0\$apol$beng
=080  \\$a37.016(045/046)
=080  \\$a80/81(045/046)
=100  1\$aMikołajczuk, Agnieszka
=245  10$aModele gatunkowe tekstu pisanego przez uczniów na egzaminie maturalnym :$b(w kontekście planowanej modernizacji matury z języka polskiego) /$cAgnieszka Mikołajczuk.
=260  \\$c2013.
=336  \\$aTekst$btxt$2rdacontent
=337  \\$aBez urządzenia pośredniczącego$bn$2rdamedia
=338  \\$aWolumin$bnc$2rdacarrier
=380  \\$aArtykuły
=504  \\$aBibliogr.
=546  \\$aStreszcz. ang.
=650  \7$aJęzyk polski$xnauczanie$xszkoły ponadgimnazjalne$2DBN
=650  \7$aMatura$2DBN
=773  0\$iW:$tPoradnik Językowy (Kraków ; 1919).$x0551-5343.$g2013, z. 1, s. 39-52$sPoradnik Językowy (1919)
=902  \\$a170217$c140102$dm$eb$fb$g0
=909  \\$ab0000030437118
=915  \\$aBZCz 2014/01/2067
=916  \\$aMikołajczuk, Agnieszka
=931  \\$a37.016(045/046)
=931  \\$a80/81(045/046)
=950  \\$uhttps://eu.alma.exlibrisgroup.com/view/uresolver/48OMNIS_NLOP/openurl?u.ignore_date_coverage=true&portfolio_pid=53661233200005066&Force_direct=true$zZobacz w Polonie$853661233200005066
=980  \\$aArtykuły
=995  \\$aPolska Bibliografia Literacka$bPBL 2004-2020: czasopisma
=996  \\$a.b30437118$9local
=998  \\$ao$av$9local
=999  \\$abzcz$bjkr$cjkr$x01$y2014$amerk

