=LDR  01718nab a2200493 i 4500
=001  b0000003043716
=005  20200502060037.5
=008  140102s2013\\\\pl\\\\\\\\\\\|000\0\pol\\
=009  991022465079705066
=015  \\$aBZCz 2014/01/2796
=035  \\$a(EXLNZ-48OMNIS_NETWORK)9910003877005606
=035  \\$a(OCoLC)899897414
=035  \\$a(PL)b0000003043716
=035  \\$a(PL-WaBN)b30437167-48omnis_nlop
=035  \\$a991022465079705066
=035  \\$ab30437167
=040  \\$aWA N$cWA N
=080  \\$a791(045/046)
=100  1\$aDudzik, Wojciech$d(1981- )$1http://viaf.org/viaf/307482118
=245  10$aLalka /$cWojciech Dudzik.
=260  \\$c2013.
=336  \\$aTekst$btxt$2rdacontent
=337  \\$aBez urządzenia pośredniczącego$bn$2rdamedia
=338  \\$aWolumin$bnc$2rdacarrier
=380  \\$iMajor genre$aSecondary literature$leng
=380  \\$aArtykuły
=520  8\$aZawiera rec. filmu: Papusza / reż. Joanna Kos-Krauze, Krzysztof Krauze.
=600  17$aKos, Joanna$d(1972- )$2DBN$1http://viaf.org/viaf/58820204
=600  17$aKrauze, Krzysztof$d(1953-2014)$2DBN$1http://viaf.org/viaf/56351749
=630  07$aPapusza (film)$2DBN
=655  \7$aRecenzja filmowa$2DBN
=773  0\$iW:$tW Drodze (Poznań).$x0137-480X.$g2013, nr 11, s. 132-136$sW Drodze
=902  \\$a170705$c140102$dm$eb$fb$g0
=909  \\$ab0000030437167
=915  \\$aBZCz 2014/01/2796
=916  \\$aDudzik, Wojciech   (1981- )
=930  07$aPapusza (film)$2DBN
=931  \\$a791(045/046)
=955  \7$aRecenzja filmowa$2DBN
=980  \\$aArtykuły
=995  \\$aPolska Bibliografia Literacka$bPBL 2004-2020: czasopisma
=996  \\$a.b30437167$9local
=998  \\$ao$av$9local
=999  \\$abzcz$bmw$cmw$x01$y2014

