=LDR  02112nab a2200553 i 4500
=001  b0000003043721
=005  20201022130151.6
=008  140102s2013\\\\pl\\\\\\\\\\\|000\0\pol\\
=009  991022465299705066
=015  \\$aBZCz 2014/01/3491
=035  \\$a(EXLNZ-48OMNIS_NETWORK)9910332650705606
=035  \\$a(OCoLC)899897442
=035  \\$a(PL)b0000003043721
=035  \\$a(PL-WaBN)b30437210-48omnis_nlop
=035  \\$a991022465299705066
=035  \\$ab30437210
=040  \\$aWA N$cWA N
=041  0\$apol$beng
=080  \\$a80/81(045/046)
=080  \\$a821.162.1(091)(045/046)
=100  1\$aPorayski-Pomsta, Józef
=245  10$aJęzyk francuski w "Lalce" Bolesława Prusa /$cJózef Porayski-Pomsta.
=260  \\$c2013.
=336  \\$aTekst$btxt$2rdacontent
=337  \\$aBez urządzenia pośredniczącego$bn$2rdamedia
=338  \\$aWolumin$bnc$2rdacarrier
=380  \\$iMajor genre$aLiterature$leng
=380  \\$aArtykuły
=381  \\$iMajor genre$aFiction$leng
=546  \\$aStreszcz. ang.
=600  17$aPrus, Bolesław$d(1847-1912)$tLalka$2DBN$1http://viaf.org/viaf/64016160
=648  \7$a1801-1900$2DBN
=650  \7$aJęzyk francuski$xa język polski$xsłownictwo.$2DBN
=650  \7$aJęzyk polski$xwyrazy obce$y19 w.$2DBN
=655  \7$aPowieść polska$xstylistyka$y19 w.$2DBN
=773  0\$iW:$tPoradnik Językowy (Kraków ; 1919).$x0551-5343.$g2013, z. 1, s. 93-101$sPoradnik Językowy (1919)
=902  \\$a170217$c140102$dm$eb$fb$g0
=909  \\$ab0000030437210
=915  \\$aBZCz 2014/01/3491
=916  \\$aPorayski-Pomsta, Józef
=931  \\$a80/81(045/046)
=931  \\$a821.162.1(091)(045/046)
=950  \\$uhttps://eu.alma.exlibrisgroup.com/view/uresolver/48OMNIS_NLOP/openurl?u.ignore_date_coverage=true&portfolio_pid=53661233410005066&Force_direct=true$zZobacz w Polonie$853661233410005066
=955  \7$aPowieść polska$xstylistyka$y19 w.$2DBN
=980  \\$aArtykuły
=995  \\$aPolska Bibliografia Literacka$bPBL 2004-2020: czasopisma
=996  \\$a.b30437210$9local
=998  \\$ao$av$9local
=999  \\$abzcz$bjkr$cjkr$x01$y2014$amerk

