=LDR  02012nab a2200517 i 4500
=001  b0000003043722
=005  20200502060136.1
=008  140102s2013\\\\pl\\\\\\\\\\\|000\1\pol\\
=009  991022465339705066
=015  \\$aBZCz 2014/01/3651
=035  \\$a(EXLNZ-48OMNIS_NETWORK)9910228938205606
=035  \\$a(OCoLC)899897431
=035  \\$a(PL)b0000003043722
=035  \\$a(PL-WaBN)b30437222-48omnis_nlop
=035  \\$a991022465339705066
=035  \\$ab30437222
=040  \\$aWA N$cWA N
=080  \\$a821.162.1-1/-9(045/046)
=100  1\$aKawalec, Julian$d(1916-2014)$1http://viaf.org/viaf/118701404
=245  10$aLetarg ;$bPisać nie pisać ; Przeprowadzka do dzieciństwa ; Śmietanka /$cJulian Kawalec.
=260  \\$c2013.
=336  \\$aTekst$btxt$2rdacontent
=337  \\$aBez urządzenia pośredniczącego$bn$2rdamedia
=338  \\$aWolumin$bnc$2rdacarrier
=380  \\$iMajor genre$aLiterature$leng
=380  \\$aArtykuły
=381  \\$iMajor genre$aFiction$leng
=388  1\$a2001-
=655  \7$aOpowiadanie polskie$y21 w.$2DBN
=700  12$aKawalec, Julian$d(1916-2014)$tPisać nie pisać$1http://viaf.org/viaf/118701404
=700  12$aKawalec, Julian$d(1916-2014)$tPrzeprowadzka do dzieciństwa$1http://viaf.org/viaf/118701404
=700  12$aKawalec, Julian$d(1916-2014)$tŚmietanka$1http://viaf.org/viaf/118701404
=773  0\$iW:$tLiterat Krakowski : pismo Krakowskiego Oddziału Związku Literatów Polskich.$x1689-8990.$gNr 5/6 (2012/2013), s. 52-61$sLiterat Krakowski
=902  \\$a170217$c140102$dm$eb$fb$g0
=909  \\$ab0000030437222
=915  \\$aBZCz 2014/01/3651
=916  \\$aKawalec, Julian   (1916-2014)
=918  12$aKawalec, Julian$d(1916-2014).
=931  \\$a821.162.1-1/-9(045/046)
=955  \7$aOpowiadanie polskie$y21 w.$2DBN
=980  \\$aArtykuły
=995  \\$aPolska Bibliografia Literacka$bPBL 2004-2020: czasopisma
=996  \\$a.b30437222$9local
=998  \\$ao$av$9local
=999  \\$aDBNd$bjka
=999  \\$abzcz$bbw$cbw$x01$y2014

