=LDR  01901nab a2200481 i 4500
=001  b0000003043723
=005  20210427051018.9
=008  140102s2013\\\\pl\\\\\\\\\\\|000\0\pol\\
=009  991022465359705066
=015  \\$aBZCz 2014/01/3177
=035  \\$a(EXLNZ-48OMNIS_NETWORK)9910308889005606
=035  \\$a(OCoLC)899897433
=035  \\$a(PL)b0000003043723
=035  \\$a(PL-WaBN)b30437234-48omnis_nlop
=035  \\$a991022465359705066
=035  \\$ab30437234
=040  \\$aWA N$cWA N$dWA N
=041  0\$apol$beng
=080  \\$a80/81(045/046)
=100  1\$aZgółkowa, Halina$d(1947- )$1http://viaf.org/viaf/74259952
=245  10$aO ideologizacji i odideologizowaniu słowników /$cHalina Zgółkowa, Tadeusz Zgółka.
=260  \\$c2013.
=336  \\$aTekst$btxt$2rdacontent
=337  \\$aBez urządzenia pośredniczącego$bn$2rdamedia
=338  \\$aWolumin$bnc$2rdacarrier
=380  \\$aArtykuły
=546  \\$aStreszcz. ang.
=650  \7$aLeksykografia$xhistoria$zPolska$yod 1944 r.$2DBN
=650  \7$aSłowniki polskie$xhistoria$yod 1944 r.$2DBN
=700  1\$aZgółka, Tadeusz$d(1945-2021)$1http://viaf.org/viaf/29555596
=773  0\$iW:$tPoradnik Językowy (Kraków ; 1919).$x0551-5343.$g2013, z. 1, s. 102-110$sPoradnik Językowy (1919)
=902  \\$a180204$c140102$dm$eb$fb$g0
=909  \\$ab0000030437234
=915  \\$aBZCz 2014/01/3177
=916  \\$aZgółkowa, Halina   (1947- )
=918  1\$aZgółka, Tadeusz$d(1945-2021)
=931  \\$a80/81(045/046)
=950  \\$uhttps://eu.alma.exlibrisgroup.com/view/uresolver/48OMNIS_NLOP/openurl?u.ignore_date_coverage=true&portfolio_pid=53661233380005066&Force_direct=true$zZobacz w Polonie$853661233380005066
=980  \\$aArtykuły
=995  \\$aPolska Bibliografia Literacka$bPBL 2004-2020: czasopisma
=996  \\$a.b30437234$9local
=998  \\$ao$av$9local
=999  \\$abzcz$bjkr$cjkr$x01$y2014$amerk

