=LDR  02221nab a2200601 i 4500
=001  b0000003043729
=005  20200501071337.5
=008  140102s2013\\\\pl\\\\\\\\\\\|000\1\pol\\
=009  991022465619705066
=015  \\$aBZCz 2014/01/3676
=035  \\$a(EXLNZ-48OMNIS_NETWORK)9910066395805606
=035  \\$a(OCoLC)899897463
=035  \\$a(PL)b0000003043729
=035  \\$a(PL-WaBN)b30437295-48omnis_nlop
=035  \\$a991022465619705066
=035  \\$ab30437295
=040  \\$aWA N$cWA N
=080  \\$a821.162.1-1/-9(045/046)
=100  1\$aMasłyk, Jan M. J.
=245  10$a"Opowiadania" szyte na miarę /$cJan M. J. Masłyk.
=260  \\$c2013.
=336  \\$aTekst$btxt$2rdacontent
=337  \\$aBez urządzenia pośredniczącego$bn$2rdamedia
=338  \\$aWolumin$bnc$2rdacarrier
=380  \\$iMajor genre$aLiterature$leng
=380  \\$aArtykuły
=381  \\$iMajor genre$aOther$leng
=388  1\$a2001-
=505  0\$aOna ; Nocny spacer ; Pośpiech ; Po trochu ; Cisza ; Niezapominajki ; Nie o pytanie tu chodzi ; Nie klejąca się rozmowa ; Odwiedziny.
=655  \7$aMiniatura literacka polska$y21 w.$2DBN
=700  12$aMasłyk, Jan M. J.$tCisza
=700  12$aMasłyk, Jan M. J.$tNie klejąca się rozmowa
=700  12$aMasłyk, Jan M. J.$tNie o pytanie tu chodzi
=700  12$aMasłyk, Jan M. J.$tNiezapominajki
=700  12$aMasłyk, Jan M. J.$tNocny spacer
=700  12$aMasłyk, Jan M. J.$tOdwiedziny
=700  12$aMasłyk, Jan M. J.$tOna
=700  12$aMasłyk, Jan M. J.$tPo trochu
=700  12$aMasłyk, Jan M. J.$tPośpiech
=773  0\$iW:$tLiterat Krakowski : pismo Krakowskiego Oddziału Związku Literatów Polskich.$x1689-8990.$gNr 5/6 (2012/2013), s. 93-95$sLiterat Krakowski
=902  \\$a170217$c140102$dm$eb$fb$g0
=909  \\$ab0000030437295
=915  \\$aBZCz 2014/01/3676
=916  \\$aMasłyk, Jan M. J.
=918  12$aMasłyk, Jan M. J.
=931  \\$a821.162.1-1/-9(045/046)
=955  \7$aMiniatura literacka polska$y21 w.$2DBN
=980  \\$aArtykuły
=995  \\$aPolska Bibliografia Literacka$bPBL 2004-2020: czasopisma
=996  \\$a.b30437295$9local
=998  \\$ao$av$9local
=999  \\$aDBNd$bjka
=999  \\$abzcz$bbw$cbw$x01$y2014

