=LDR  01890nab a2200517 i 4500
=001  b0000003043733
=005  20200502060036.2
=008  140102s2013\\\\pl\\\\\\\\\\\|000\1\pol\\
=009  991022465749705066
=015  \\$aBZCz 2014/01/3704
=035  \\$a(EXLNZ-48OMNIS_NETWORK)9910282623405606
=035  \\$a(OCoLC)899897477
=035  \\$a(PL)b0000003043733
=035  \\$a(PL-WaBN)b30437337-48omnis_nlop
=035  \\$a991022465749705066
=035  \\$ab30437337
=040  \\$aWA N$cWA N
=080  \\$a821.162.1-1/-9(045/046)
=100  1\$aPerier-Berska, Danuta
=245  10$aJesienne zauroczenie ;$bPostęp - czy podstęp ; Listopadowy poranek z pieskiem w roli głównej ; Rozmowy /$cDanuta Perier-Berska.
=260  \\$c2013.
=336  \\$aTekst$btxt$2rdacontent
=337  \\$aBez urządzenia pośredniczącego$bn$2rdamedia
=338  \\$aWolumin$bnc$2rdacarrier
=380  \\$iMajor genre$aLiterature$leng
=380  \\$aArtykuły
=381  \\$iMajor genre$aFiction$leng
=388  1\$a2001-
=655  \7$aProza polska$y21 w.$2DBN
=700  12$aPerier-Berska, Danuta.$tListopadowy poranek z pieskiem w roli głównej
=700  12$aPerier-Berska, Danuta.$tPostęp - czy podstęp
=700  12$aPerier-Berska, Danuta.$tRozmowy
=773  0\$iW:$tLiterat Krakowski : pismo Krakowskiego Oddziału Związku Literatów Polskich.$x1689-8990.$gNr 5/6 (2012/2013), s. 101-104$sLiterat Krakowski
=902  \\$a170217$c140102$dm$eb$fb$g0
=909  \\$ab0000030437337
=915  \\$aBZCz 2014/01/3704
=916  \\$aPerier-Berska, Danuta
=918  12$aPerier-Berska, Danuta.
=931  \\$a821.162.1-1/-9(045/046)
=955  \7$aProza polska$y21 w.$2DBN
=980  \\$aArtykuły
=995  \\$aPolska Bibliografia Literacka$bPBL 2004-2020: czasopisma
=996  \\$a.b30437337$9local
=998  \\$ao$av$9local
=999  \\$aDBNd$bjka
=999  \\$abzcz$bbw$cbw$x01$y2014

