=LDR  01708nab a2200493 i 4500
=001  b0000003043738
=005  20200502060036.2
=008  140102s2013\\\\pl\\\\\\\\\\\|000\1\pol\\
=009  991022465979705066
=015  \\$aBZCz 2014/01/3715
=035  \\$a(EXLNZ-48OMNIS_NETWORK)9910266497805606
=035  \\$a(OCoLC)899897300
=035  \\$a(PL)b0000003043738
=035  \\$a(PL-WaBN)b30437386-48omnis_nlop
=035  \\$a991022465979705066
=035  \\$ab30437386
=040  \\$aWA N$cWA N
=080  \\$a821.162.1-1/-9(045/046)
=100  1\$aRzodkiewicz, Joanna
=245  10$aCo gorsze :$bz cyklu "Julia i przyjaciółka ; Pytanie : z cyklu "Julia i przyjaciółka" /$cJoanna Rzodkiewicz.
=260  \\$c2013.
=336  \\$aTekst$btxt$2rdacontent
=337  \\$aBez urządzenia pośredniczącego$bn$2rdamedia
=338  \\$aWolumin$bnc$2rdacarrier
=380  \\$iMajor genre$aLiterature$leng
=380  \\$aArtykuły
=381  \\$iMajor genre$aFiction$leng
=388  1\$a2001-
=655  \7$aProza polska$y21 w.$2DBN
=700  12$aRzodkiewicz, Joanna.$tPytanie
=773  0\$iW:$tLiterat Krakowski : pismo Krakowskiego Oddziału Związku Literatów Polskich.$x1689-8990.$gNr 5/6 (2012/2013), s. 118-119$sLiterat Krakowski
=902  \\$a170217$c140102$dm$eb$fb$g0
=909  \\$ab0000030437386
=915  \\$aBZCz 2014/01/3715
=916  \\$aRzodkiewicz, Joanna
=918  12$aRzodkiewicz, Joanna.
=931  \\$a821.162.1-1/-9(045/046)
=955  \7$aProza polska$y21 w.$2DBN
=980  \\$aArtykuły
=995  \\$aPolska Bibliografia Literacka$bPBL 2004-2020: czasopisma
=996  \\$a.b30437386$9local
=998  \\$ao$av$9local
=999  \\$aDBNd$bjka
=999  \\$abzcz$bbw$cbw$x01$y2014

