=LDR  01586nab a2200469 i 4500
=001  b0000003043742
=005  20200502060048.7
=008  140102s2013\\\\pl\\\\\\\\\\\|000\1\pol\\
=009  991022466189705066
=015  \\$aBZCz 2014/01/3736
=035  \\$a(EXLNZ-48OMNIS_NETWORK)9910417725705606
=035  \\$a(OCoLC)899897507
=035  \\$a(PL)b0000003043742
=035  \\$a(PL-WaBN)b30437428-48omnis_nlop
=035  \\$a991022466189705066
=035  \\$ab30437428
=040  \\$aWA N$cWA N
=080  \\$a821.162.1-1/-9(045/046)
=100  1\$aSzatko, Jakub$d(1987- )$1http://viaf.org/viaf/308288470
=245  10$aRysa /$cKuba Szatko.
=260  \\$c2013.
=336  \\$aTekst$btxt$2rdacontent
=337  \\$aBez urządzenia pośredniczącego$bn$2rdamedia
=338  \\$aWolumin$bnc$2rdacarrier
=380  \\$iMajor genre$aLiterature$leng
=380  \\$aArtykuły
=381  \\$iMajor genre$aFiction$leng
=388  1\$a2001-
=655  \7$aOpowiadanie polskie$y21 w.$2DBN
=773  0\$iW:$tLiterat Krakowski : pismo Krakowskiego Oddziału Związku Literatów Polskich.$x1689-8990.$gNr 5/6 (2012/2013), s. 127-136$sLiterat Krakowski
=902  \\$a170418$c140102$dm$eb$fb$g0
=909  \\$ab0000030437428
=915  \\$aBZCz 2014/01/3736
=916  \\$aSzatko, Jakub   (1987- )
=931  \\$a821.162.1-1/-9(045/046)
=955  \7$aOpowiadanie polskie$y21 w.$2DBN
=980  \\$aArtykuły
=995  \\$aPolska Bibliografia Literacka$bPBL 2004-2020: czasopisma
=996  \\$a.b30437428$9local
=998  \\$ao$av$9local
=999  \\$aDBNd$bjka
=999  \\$abzcz$bbw$cbw$x01$y2014

