=LDR  02068nab a2200541 i 4500
=001  b0000003043751
=005  20200502060055.7
=008  140102s2013\\\\pl\\\\\\\\\\\|000\0apol\\
=009  991022466529705066
=015  \\$aBZCz 2014/01/3391
=035  \\$a(EXLNZ-48OMNIS_NETWORK)9910218100005606
=035  \\$a(OCoLC)899897541
=035  \\$a(PL)b0000003043751
=035  \\$a(PL-WaBN)b30437519-48omnis_nlop
=035  \\$a991022466529705066
=035  \\$ab30437519
=040  \\$aWA N$cWA N
=080  \\$a821.162.1(091)(045/046)
=080  \\$a929(045/046)
=100  1\$aFrania, Arkadiusz$d(1973- )$1http://viaf.org/viaf/101810714
=245  10$aBalladka o starych poetach ;$bGra w Odysa ; Spotkanie autorskie w krakowskim liceum /$cArkadiusz Frania.
=260  \\$c2013.
=336  \\$aTekst$btxt$2rdacontent
=337  \\$aBez urządzenia pośredniczącego$bn$2rdamedia
=338  \\$aWolumin$bnc$2rdacarrier
=380  \\$iMajor genre$aLiterature$leng
=380  \\$aArtykuły
=381  \\$iMajor genre$aOther$leng
=388  1\$a2001-
=600  17$aFrania, Arkadiusz$d(1973- )$2DBN$1http://viaf.org/viaf/101810714
=655  \7$aPamiętniki polskie$y21 w.$2DBN
=700  12$aFrania, Arkadiusz$d(1973- )$tGra w Odysa$1http://viaf.org/viaf/101810714
=700  12$aFrania, Arkadiusz$d(1973- )$tSpotkanie autorskie w krakowskim liceum$1http://viaf.org/viaf/101810714
=773  0\$iW:$tLiterat Krakowski : pismo Krakowskiego Oddziału Związku Literatów Polskich.$x1689-8990.$gNr 5/6 (2012/2013), s. 190-196$sLiterat Krakowski
=902  \\$a170217$c140102$dm$eb$fb$g0
=909  \\$ab0000030437519
=915  \\$aBZCz 2014/01/3391
=916  \\$aFrania, Arkadiusz   (1973- )
=918  12$aFrania, Arkadiusz$d(1973- ).
=931  \\$a821.162.1(091)(045/046)
=931  \\$a929(045/046)
=955  \7$aPamiętniki polskie$y21 w.$2DBN
=980  \\$aArtykuły
=995  \\$aPolska Bibliografia Literacka$bPBL 2004-2020: czasopisma
=996  \\$a.b30437519$9local
=998  \\$ao$av$9local
=999  \\$aDBNd$bjka
=999  \\$abzcz$bbw$cbw$x01$y2014

