=LDR  01696nab a2200505 i 4500
=001  b0000003043752
=005  20200502060014.2
=008  140102s2013\\\\pl\\\\\\\\\\\|000\0apol\\
=009  991022466569705066
=015  \\$aBZCz 2014/01/3417
=035  \\$a(EXLNZ-48OMNIS_NETWORK)9910147720605606
=035  \\$a(OCoLC)899897395
=035  \\$a(PL)b0000003043752
=035  \\$a(PL-WaBN)b30437520-48omnis_nlop
=035  \\$a991022466569705066
=035  \\$ab30437520
=040  \\$aWA N$cWA N
=080  \\$a821.162.1(091)(045/046)
=080  \\$a929(045/046)
=100  1\$aJezierska, Krystyna Alicja
=245  10$aWrześniowe refleksy /$cKrystyna Alicja Jezierska.
=260  \\$c2013.
=336  \\$aTekst$btxt$2rdacontent
=337  \\$aBez urządzenia pośredniczącego$bn$2rdamedia
=338  \\$aWolumin$bnc$2rdacarrier
=380  \\$iMajor genre$aLiterature$leng
=380  \\$aArtykuły
=381  \\$iMajor genre$aOther$leng
=388  1\$a2001-
=600  17$aJezierska, Krystyna Alicja$2DBN
=655  \7$aPamiętniki polskie$y21 w.$2DBN
=773  0\$iW:$tLiterat Krakowski : pismo Krakowskiego Oddziału Związku Literatów Polskich.$x1689-8990.$gNr 5/6 (2012/2013), s. 197-210$sLiterat Krakowski
=902  \\$a170217$c140102$dm$eb$fb$g0
=909  \\$ab0000030437520
=915  \\$aBZCz 2014/01/3417
=916  \\$aJezierska, Krystyna Alicja
=931  \\$a821.162.1(091)(045/046)
=931  \\$a929(045/046)
=955  \7$aPamiętniki polskie$y21 w.$2DBN
=980  \\$aArtykuły
=995  \\$aPolska Bibliografia Literacka$bPBL 2004-2020: czasopisma
=996  \\$a.b30437520$9local
=998  \\$ao$av$9local
=999  \\$aDBNd$bjka
=999  \\$abzcz$bbw$cbw$x01$y2014

