=LDR  01851nab a2200517 i 4500
=001  b0000003043757
=005  20200509090302.0
=008  140102s2013\\\\pl\\\\\\\\\\\|000\0apol\\
=009  991022466759705066
=015  \\$aBZCz 2014/01/3419
=035  \\$a(EXLNZ-48OMNIS_NETWORK)9910346747505606
=035  \\$a(OCoLC)899897568
=035  \\$a(PL)b0000003043757
=035  \\$a(PL-WaBN)b3043757x-48omnis_nlop
=035  \\$a991022466759705066
=035  \\$ab3043757x
=040  \\$aWA N$cWA N
=080  \\$a821.162.1(091)(045/046)
=080  \\$a929(045/046)
=100  1\$aKajtoch, Wojciech$d(1957- )$1http://viaf.org/viaf/101717548
=245  10$aMój Kraków /$cWojciech Kajtoch.
=260  \\$c2013.
=336  \\$aTekst$btxt$2rdacontent
=337  \\$aBez urządzenia pośredniczącego$bn$2rdamedia
=338  \\$aWolumin$bnc$2rdacarrier
=380  \\$iMajor genre$aLiterature$leng
=380  \\$aArtykuły
=381  \\$iMajor genre$aOther$leng
=600  17$aKajtoch, Wojciech$d(1957- )$2DBN$1http://viaf.org/viaf/101717548
=648  \7$a2001-$2DBN
=651  \7$aKraków (woj. małopolskie)$yod 1944 r.$2DBN
=655  \7$aPamiętniki polskie$y21 w.$2DBN
=773  0\$iW:$tLiterat Krakowski : pismo Krakowskiego Oddziału Związku Literatów Polskich.$x1689-8990.$gNr 5/6 (2012/2013), s. 211-219$sLiterat Krakowski
=902  \\$a170217$c140102$dm$eb$fb$g0
=909  \\$ab000003043757x
=915  \\$aBZCz 2014/01/3419
=916  \\$aKajtoch, Wojciech   (1957- )
=931  \\$a821.162.1(091)(045/046)
=931  \\$a929(045/046)
=951  \7$aKraków (woj. małopolskie)$yod 1944 r.$2DBN
=955  \7$aPamiętniki polskie$y21 w.$2DBN
=980  \\$aArtykuły
=995  \\$aPolska Bibliografia Literacka$bPBL 2004-2020: czasopisma
=996  \\$a.b3043757x$9local
=998  \\$ao$av$9local
=999  \\$abzcz$bbw$cbw$x01$y2014

