=LDR  01640nab a2200481 i 4500
=001  b0000003043758
=005  20200502060010.1
=008  140102s2013\\\\pl\\\\\\\\\\\|000\0\pol\\
=009  991022466789705066
=015  \\$aBZCz 2014/01/2806
=035  \\$a(EXLNZ-48OMNIS_NETWORK)9910245248905606
=035  \\$a(OCoLC)899897569
=035  \\$a(PL)b0000003043758
=035  \\$a(PL-WaBN)b30437581-48omnis_nlop
=035  \\$a991022466789705066
=035  \\$ab30437581
=040  \\$aWA N$cWA N
=080  \\$a791(045/046)
=100  1\$aKukla, Milena$d(1989- )$1http://viaf.org/viaf/307482177
=245  10$aW imię... czego? /$cMilena Kukla.
=260  \\$c2013.
=336  \\$aTekst$btxt$2rdacontent
=337  \\$aBez urządzenia pośredniczącego$bn$2rdamedia
=338  \\$aWolumin$bnc$2rdacarrier
=380  \\$iMajor genre$aSecondary literature$leng
=380  \\$aArtykuły
=520  8\$aZawiera rec. filmu: W imię / reż. Małgorzata Szumowska.
=600  17$aSzumowska, Małgorzata$d(1973- )$2DBN$1http://viaf.org/viaf/120887197
=630  07$aW imię (film)$2DBN
=655  \7$aRecenzja filmowa$2DBN
=773  0\$iW:$tW Drodze (Poznań).$x0137-480X.$g2013, nr 12, s. 116-122$sW Drodze
=902  \\$a170705$c140102$dm$eb$fb$g0
=909  \\$ab0000030437581
=915  \\$aBZCz 2014/01/2806
=916  \\$aKukla, Milena   (1989- )
=930  07$aW imię (film)$2DBN
=931  \\$a791(045/046)
=955  \7$aRecenzja filmowa$2DBN
=980  \\$aArtykuły
=995  \\$aPolska Bibliografia Literacka$bPBL 2004-2020: czasopisma
=996  \\$a.b30437581$9local
=998  \\$ao$av$9local
=999  \\$abzcz$btg$ctg$x01$y2014

