=LDR  01746nab a2200493 i 4500
=001  b0000003043760
=005  20200501071347.5
=008  140102s2013\\\\pl\\\\\\\\\\\|000\1\pol\\
=009  991022466869705066
=015  \\$aBZCz 2014/01/3654
=035  \\$a(EXLNZ-48OMNIS_NETWORK)9910106932905606
=035  \\$a(OCoLC)899897571
=035  \\$a(PL)b0000003043760
=035  \\$a(PL-WaBN)b3043760x-48omnis_nlop
=035  \\$a991022466869705066
=035  \\$ab3043760x
=040  \\$aWA N$cWA N
=080  \\$a821.162.1-1/-9(045/046)
=100  1\$aKlimek, Franciszek$d(1934- )$1http://viaf.org/viaf/166409385
=245  10$aAdaś wykończy ;$bNaukowcy /$cFranciszek Klimek.
=260  \\$c2013.
=336  \\$aTekst$btxt$2rdacontent
=337  \\$aBez urządzenia pośredniczącego$bn$2rdamedia
=338  \\$aWolumin$bnc$2rdacarrier
=380  \\$iMajor genre$aLiterature$leng
=380  \\$aArtykuły
=381  \\$iMajor genre$aFiction$leng
=388  1\$a2001-
=655  \7$aProza polska$y21 w.$2DBN
=700  12$aKlimek, Franciszek$d(1934- )$tNaukowcy$1http://viaf.org/viaf/166409385
=773  0\$iW:$tLiterat Krakowski : pismo Krakowskiego Oddziału Związku Literatów Polskich.$x1689-8990.$gNr 5/6 (2012/2013), s. 218-223$sLiterat Krakowski
=902  \\$a170217$c140102$dm$eb$fb$g0
=909  \\$ab000003043760x
=915  \\$aBZCz 2014/01/3654
=916  \\$aKlimek, Franciszek   (1934- )
=918  12$aKlimek, Franciszek$d(1934- ).
=931  \\$a821.162.1-1/-9(045/046)
=955  \7$aProza polska$y21 w.$2DBN
=980  \\$aArtykuły
=995  \\$aPolska Bibliografia Literacka$bPBL 2004-2020: czasopisma
=996  \\$a.b3043760x$9local
=998  \\$ao$av$9local
=999  \\$aDBNd$bjka
=999  \\$abzcz$bbw$cbw$x01$y2014

