=LDR  02161nab a2200553 i 4500
=001  b0000003043762
=005  20200509090303.4
=008  140102s2013\\\\pl\\\\\\\\\\\|000\0apol\\
=009  991022466969705066
=015  \\$aBZCz 2014/01/2640
=035  \\$a(EXLNZ-48OMNIS_NETWORK)9910500672605606
=035  \\$a(OCoLC)899897486
=035  \\$a(PL)b0000003043762
=035  \\$a(PL-WaBN)b30437623-48omnis_nlop
=035  \\$a991022466969705066
=035  \\$ab30437623
=040  \\$aWA N$cWA N
=080  \\$a72(045/046)
=080  \\$a929(045/046)
=100  1\$aMarcinkowski, Robert$d(1959- )$1http://viaf.org/viaf/38894310
=245  10$aSzczenięca sierść ;$bWidok z balkonu ; Oddalanie: przekleństwo dokumentu /$cRobert Marcinkowski.
=260  \\$c2013.
=336  \\$aTekst$btxt$2rdacontent
=337  \\$aBez urządzenia pośredniczącego$bn$2rdamedia
=338  \\$aWolumin$bnc$2rdacarrier
=380  \\$iMajor genre$aLiterature$leng
=380  \\$aArtykuły
=381  \\$iMajor genre$aOther$leng
=600  17$aMarcinkowski, Robert$d(1959- )$2DBN$1http://viaf.org/viaf/38894310
=648  \7$a2001-$2DBN
=651  \7$aKraków (woj. małopolskie)$yod 1944 r.$2DBN
=655  \7$aPamiętniki polskie$y21 w.$2DBN
=700  12$aMarcinkowski, Robert$d(1959- )$tOddalanie: przekleństwo dokumentu$1http://viaf.org/viaf/38894310
=700  12$aMarcinkowski, Robert$d(1959- )$tWidok z balkonu$1http://viaf.org/viaf/38894310
=773  0\$iW:$tLiterat Krakowski : pismo Krakowskiego Oddziału Związku Literatów Polskich.$x1689-8990.$gNr 5/6 (2012/2013), s. 224-228$sLiterat Krakowski
=902  \\$a170217$c140102$dm$eb$fb$g0
=909  \\$ab0000030437623
=915  \\$aBZCz 2014/01/2640
=916  \\$aMarcinkowski, Robert   (1959- )
=918  12$aMarcinkowski, Robert$d(1959- ).
=931  \\$a72(045/046)
=931  \\$a929(045/046)
=951  \7$aKraków (woj. małopolskie)$yod 1944 r.$2DBN
=955  \7$aPamiętniki polskie$y21 w.$2DBN
=980  \\$aArtykuły
=995  \\$aPolska Bibliografia Literacka$bPBL 2004-2020: czasopisma
=996  \\$a.b30437623$9local
=998  \\$ao$av$9local
=999  \\$abzcz$bbw$cbw$x01$y2014

