=LDR  02173nab a2200517 i 4500
=001  b0000003043763
=005  20201022130118.7
=008  140102s2013\\\\pl\\\\\\\\\\\|000\0\pol\\
=009  991022467009705066
=015  \\$aBZCz 2014/01/3505
=035  \\$a(EXLNZ-48OMNIS_NETWORK)9910085908505606
=035  \\$a(OCoLC)899897487
=035  \\$a(PL)b0000003043763
=035  \\$a(PL-WaBN)b30437635-48omnis_nlop
=035  \\$a991022467009705066
=035  \\$ab30437635
=040  \\$aWA N$cWA N
=080  \\$a80/81(045/046)
=080  \\$a821.162.1(091)(045/046)
=100  1\$aSieradzka-Baziur, Bożena
=245  10$a"Słownik polszczyzny Jana Kochanowskiego", Kraków 1994-2012, red. Marian Kucała :$bsłowniki dawne i współczesne /$cBożena Sieradzka-Baziur.
=260  \\$c2013.
=336  \\$aTekst$btxt$2rdacontent
=337  \\$aBez urządzenia pośredniczącego$bn$2rdamedia
=338  \\$aWolumin$bnc$2rdacarrier
=380  \\$aArtykuły
=600  17$aKochanowski, Jan$d(1530-1584)$xjęzyk$2DBN$1http://viaf.org/viaf/7428033
=600  17$aKucała, Marian$d(1927-2014)$2DBN$1http://viaf.org/viaf/9893597
=630  07$aSłownik polszczyzny Jana Kochanowskiego (Kraków, 1994-2012)$2DBN
=648  \7$a1501-1600$2DBN
=650  \7$aJęzyk polski$xsłownictwo$y16 w.$2DBN
=650  \7$aSłowniki polskie$xhistoria$yod 1989 r.$2DBN
=773  0\$iW:$tPoradnik Językowy (Kraków ; 1919).$x0551-5343.$g2013, z. 2, s. 112-115$sPoradnik Językowy (1919)
=902  \\$a180204$c140102$dm$eb$fb$g0
=909  \\$ab0000030437635
=915  \\$aBZCz 2014/01/3505
=916  \\$aSieradzka-Baziur, Bożena
=930  07$aSłownik polszczyzny Jana Kochanowskiego (Kraków, 1994-2012)$2DBN
=931  \\$a80/81(045/046)
=931  \\$a821.162.1(091)(045/046)
=950  \\$uhttps://eu.alma.exlibrisgroup.com/view/uresolver/48OMNIS_NLOP/openurl?u.ignore_date_coverage=true&portfolio_pid=53661234460005066&Force_direct=true$zZobacz w Polonie$853661234460005066
=980  \\$aArtykuły
=995  \\$aPolska Bibliografia Literacka$bPBL 2004-2020: czasopisma
=996  \\$a.b30437635$9local
=998  \\$ao$av$9local
=999  \\$abzcz$bjkr$cjkr$x01$y2014$amerk

