=LDR  01446nab a2200421 i 4500
=001  b0000003043767
=005  20200502060056.6
=008  140102s2013\\\\pl\\\\\\\\\\\|000\0\pol\\
=009  991022467159705066
=015  \\$aBZCz 2014/01/2850
=035  \\$a(EXLNZ-48OMNIS_NETWORK)9910513734105606
=035  \\$a(OCoLC)899897596
=035  \\$a(PL)b0000003043767
=035  \\$a(PL-WaBN)b30437672-48omnis_nlop
=035  \\$a991022467159705066
=035  \\$ab30437672
=040  \\$aWA N$cWA N
=080  \\$a792(045/046)
=100  1\$aNaglicki, Maciej$d(1952-2016)$1http://viaf.org/viaf/161230912
=245  10$aUśmiech zza kulis /$cMaciej Naglicki.
=260  \\$c2013.
=336  \\$aTekst$btxt$2rdacontent
=337  \\$aBez urządzenia pośredniczącego$bn$2rdamedia
=338  \\$aWolumin$bnc$2rdacarrier
=380  \\$aArtykuły
=648  \7$a1901-2000$2DBN
=650  \7$aTeatr polski$xhistoria$y20 w.$2DBN
=773  0\$iW:$tLiterat Krakowski : pismo Krakowskiego Oddziału Związku Literatów Polskich.$x1689-8990.$gNr 5/6 (2012/2013), s. 229-232$sLiterat Krakowski
=902  \\$a170217$c140102$dm$eb$fb$g0
=909  \\$ab0000030437672
=915  \\$aBZCz 2014/01/2850
=916  \\$aNaglicki, Maciej   (1952-2016)
=931  \\$a792(045/046)
=980  \\$aArtykuły
=995  \\$aPolska Bibliografia Literacka$bPBL 2004-2020: czasopisma
=996  \\$a.b30437672$9local
=998  \\$ao$av$9local
=999  \\$abzcz$bbw$cbw$x01$y2014

