=LDR  02018nab a2200541 i 4500
=001  b0000003043769
=005  20200509090304.0
=008  140102s2013\\\\pl\\\\\\\\\\\|000\0apol\\
=009  991022467239705066
=015  \\$aBZCz 2014/01/2671
=035  \\$a(EXLNZ-48OMNIS_NETWORK)9910388253705606
=035  \\$a(OCoLC)899897598
=035  \\$a(PL)b0000003043769
=035  \\$a(PL-WaBN)b30437696-48omnis_nlop
=035  \\$a991022467239705066
=035  \\$ab30437696
=040  \\$aWA N$cWA N
=080  \\$a72(045/046)
=080  \\$a929(045/046)
=100  1\$aWalter, Andrzej$d(1969- )$1http://viaf.org/viaf/268961598
=245  10$aDyskretny zapach mięty ;$bŚmierć poety jest złudzeniem /$cAndrzej Walter.
=260  \\$c2013.
=336  \\$aTekst$btxt$2rdacontent
=337  \\$aBez urządzenia pośredniczącego$bn$2rdamedia
=338  \\$aWolumin$bnc$2rdacarrier
=380  \\$iMajor genre$aLiterature$leng
=380  \\$aArtykuły
=381  \\$iMajor genre$aOther$leng
=600  17$aWalter, Andrzej$d(1969- )$2DBN$1http://viaf.org/viaf/268961598
=648  \7$a2001-$2DBN
=651  \7$aKraków (woj. małopolskie)$yod 1944 r.$2DBN
=655  \7$aPamiętniki polskie$y21 w.$2DBN
=700  12$aWalter, Andrzej$d(1969- )$tŚmierć poety jest złudzeniem$1http://viaf.org/viaf/268961598
=773  0\$iW:$tLiterat Krakowski : pismo Krakowskiego Oddziału Związku Literatów Polskich.$x1689-8990.$gNr 5/6 (2012/2013), s. 249-254$sLiterat Krakowski
=902  \\$a170217$c140102$dm$eb$fb$g0
=909  \\$ab0000030437696
=915  \\$aBZCz 2014/01/2671
=916  \\$aWalter, Andrzej   (1969- )
=918  12$aWalter, Andrzej$d(1969- ).
=931  \\$a72(045/046)
=931  \\$a929(045/046)
=951  \7$aKraków (woj. małopolskie)$yod 1944 r.$2DBN
=955  \7$aPamiętniki polskie$y21 w.$2DBN
=980  \\$aArtykuły
=995  \\$aPolska Bibliografia Literacka$bPBL 2004-2020: czasopisma
=996  \\$a.b30437696$9local
=998  \\$ao$av$9local
=999  \\$abzcz$bbw$cbw$x01$y2014

