=LDR  01580nab a2200469 i 4500
=001  b0000003043771
=005  20200501071422.6
=008  140102s2013\\\\pl\\\\\\\\\\\|000\1\pol\\
=009  991022467309705066
=015  \\$aBZCz 2014/01/3755
=035  \\$a(EXLNZ-48OMNIS_NETWORK)9910117472605606
=035  \\$a(OCoLC)899897497
=035  \\$a(PL)b0000003043771
=035  \\$a(PL-WaBN)b30437714-48omnis_nlop
=035  \\$a991022467309705066
=035  \\$ab30437714
=040  \\$aWA N$cWA N
=080  \\$a821.162.1-1/-9(045/046)
=100  1\$aWietrzny, Hanna$d(1939- )$1http://viaf.org/viaf/164192126
=245  10$aPtaki /$cHanna Wietrzny.
=260  \\$c2013.
=336  \\$aTekst$btxt$2rdacontent
=337  \\$aBez urządzenia pośredniczącego$bn$2rdamedia
=338  \\$aWolumin$bnc$2rdacarrier
=380  \\$iMajor genre$aLiterature$leng
=380  \\$aArtykuły
=381  \\$iMajor genre$aFiction$leng
=388  1\$a2001-
=655  \7$aProza polska$y21 w.$2DBN
=773  0\$iW:$tLiterat Krakowski : pismo Krakowskiego Oddziału Związku Literatów Polskich.$x1689-8990.$gNr 5/6 (2012/2013), s. 255-256$sLiterat Krakowski
=902  \\$a170217$c140102$dm$eb$fb$g0
=909  \\$ab0000030437714
=915  \\$aBZCz 2014/01/3755
=916  \\$aWietrzny, Hanna   (1939- )
=931  \\$a821.162.1-1/-9(045/046)
=955  \7$aProza polska$y21 w.$2DBN
=980  \\$aArtykuły
=995  \\$aPolska Bibliografia Literacka$bPBL 2004-2020: czasopisma
=996  \\$a.b30437714$9local
=998  \\$ao$av$9local
=999  \\$aDBNd$bjka
=999  \\$abzcz$bbw$cbw$x01$y2014

