=LDR  02049nab a2200541 i 4500
=001  b0000003043772
=005  20201022130348.3
=008  140102s2013\\\\pl\\\\\\\\\\\|000\0bpol\\
=009  991022467349705066
=015  \\$aBZCz 2014/01/2971
=035  \\$a(EXLNZ-48OMNIS_NETWORK)9910079475405606
=035  \\$a(OCoLC)899897610
=035  \\$a(PL)b0000003043772
=035  \\$a(PL-WaBN)b30437726-48omnis_nlop
=035  \\$a991022467349705066
=035  \\$ab30437726
=040  \\$aWA N$cWA N
=080  \\$a050+070(045/046)
=080  \\$a80/81(045/046)
=080  \\$a929(045/046)
=100  1\$aDecyk-Zięba, Wanda
=245  10$aWspomnienie o profesor Halinie Satkiewicz jako redaktorze naczelnym "Poradnika Językowego" /$cWanda Decyk-Zięba.
=260  \\$c2013.
=336  \\$aTekst$btxt$2rdacontent
=337  \\$aBez urządzenia pośredniczącego$bn$2rdamedia
=338  \\$aWolumin$bnc$2rdacarrier
=380  \\$iMajor genre$aSecondary literature$leng
=380  \\$aArtykuły
=600  17$aSatkiewicz, Halina$d(1928-2012)$2DBN$1http://viaf.org/viaf/61971426
=630  07$aPoradnik Językowy (czasopismo)$2DBN
=650  \7$aJęzykoznawcy$zPolska$yod 1944 r.$2DBN
=655  \7$aNekrolog$2DBN
=773  0\$iW:$tPoradnik Językowy (Kraków ; 1919).$x0551-5343.$g2013, z. 2, s. 128-130$sPoradnik Językowy (1919)
=902  \\$a180209$c140102$dm$eb$fb$g0
=909  \\$ab0000030437726
=915  \\$aBZCz 2014/01/2971
=916  \\$aDecyk-Zięba, Wanda
=930  07$aPoradnik Językowy (czasopismo)$2DBN
=931  \\$a050+070(045/046)
=931  \\$a80/81(045/046)
=931  \\$a929(045/046)
=950  \\$uhttps://eu.alma.exlibrisgroup.com/view/uresolver/48OMNIS_NLOP/openurl?u.ignore_date_coverage=true&portfolio_pid=53665276770005066&Force_direct=true$zZobacz w Polonie$853665276770005066
=955  \7$aNekrolog$2DBN
=980  \\$aArtykuły
=995  \\$aPolska Bibliografia Literacka$bPBL 2004-2020: czasopisma
=996  \\$a.b30437726$9local
=998  \\$ao$av$9local
=999  \\$abzcz$bjkr$cjkr$x01$y2014$amerk

