=LDR  01744nab a2200457 i 4500
=001  b0000003043775
=005  20200502060128.5
=008  140102s2013\\\\pl\\\\\\\\\\\|000\0\pol\\
=009  991022467439705066
=015  \\$aBZCz 2014/01/3379
=035  \\$a(EXLNZ-48OMNIS_NETWORK)9910203593905606
=035  \\$a(OCoLC)899897613
=035  \\$a(PL)b0000003043775
=035  \\$a(PL-WaBN)b30437751-48omnis_nlop
=035  \\$a991022467439705066
=035  \\$ab30437751
=040  \\$aWA N$cWA N
=080  \\$a821.162.1(091)(045/046)
=100  1\$aDąbrowa-Szatko, Marzena$d(1961- )$1http://viaf.org/viaf/101694237
=245  10$aNa granicy światów /$cMarzena Dąbrowa Szatko.
=260  \\$c2013.
=336  \\$aTekst$btxt$2rdacontent
=337  \\$aBez urządzenia pośredniczącego$bn$2rdamedia
=338  \\$aWolumin$bnc$2rdacarrier
=380  \\$iMajor genre$aSecondary literature$leng
=380  \\$aArtykuły
=520  8\$aZawiera rec. książki: Bez dotyku / Joanna Pociask-Karteczka. - Kraków, 2012.
=600  17$aPociask-Karteczka, Joanna$d(1958- )$tBez dotyku$2DBN$1http://viaf.org/viaf/48493555
=655  \7$aRecenzja literacka$2DBN
=773  0\$iW:$tLiterat Krakowski : pismo Krakowskiego Oddziału Związku Literatów Polskich.$x1689-8990.$gNr 5/6 (2012/2013), s. 259-261$sLiterat Krakowski
=902  \\$a170705$c140102$dm$eb$fb$g0
=909  \\$ab0000030437751
=915  \\$aBZCz 2014/01/3379
=916  \\$aDąbrowa Szatko, Marzena   (1961- )
=931  \\$a821.162.1(091)(045/046)
=955  \7$aRecenzja literacka$2DBN
=980  \\$aArtykuły
=995  \\$aPolska Bibliografia Literacka$bPBL 2004-2020: czasopisma
=996  \\$a.b30437751$9local
=998  \\$ao$av$9local
=999  \\$abzcz$bbw$cbw$x01$y2014

