=LDR  01751nab a2200481 i 4500
=001  b0000003043778
=005  20200501071354.1
=008  140102s2013\\\\pl\\\\\\\\\\\|000\0\pol\\
=009  991022467539705066
=015  \\$aBZCz 2014/01/3378
=035  \\$a(EXLNZ-48OMNIS_NETWORK)9910113396605606
=035  \\$a(OCoLC)899897616
=035  \\$a(PL)b0000003043778
=035  \\$a(PL-WaBN)b30437787-48omnis_nlop
=035  \\$a991022467539705066
=035  \\$ab30437787
=040  \\$aWA N$cWA N
=080  \\$a821.162.1(091)(045/046)
=100  1\$aDąbrowa-Szatko, Marzena$d(1961- )$1http://viaf.org/viaf/101694237
=245  10$aJoanna Bąk :$bjeszcze zdążymy /$cMarzena Dąbrowa Szatko.
=260  \\$c2013.
=336  \\$aTekst$btxt$2rdacontent
=337  \\$aBez urządzenia pośredniczącego$bn$2rdamedia
=338  \\$aWolumin$bnc$2rdacarrier
=380  \\$iMajor genre$aLiterature$leng
=380  \\$aArtykuły
=381  \\$iMajor genre$aLyrical poetry$leng
=600  17$aBąk, Joanna$d(1986- )$2DBN$1http://viaf.org/viaf/163518156
=648  \7$a2001-$2DBN
=655  \7$aPoezja polska$xhistoria$y21 w.$2DBN
=773  0\$iW:$tLiterat Krakowski : pismo Krakowskiego Oddziału Związku Literatów Polskich.$x1689-8990.$gNr 5/6 (2012/2013), s. 261-262$sLiterat Krakowski
=902  \\$a170217$c140102$dm$eb$fb$g0
=909  \\$ab0000030437787
=915  \\$aBZCz 2014/01/3378
=916  \\$aDąbrowa Szatko, Marzena   (1961- )
=931  \\$a821.162.1(091)(045/046)
=955  \7$aPoezja polska$xhistoria$y21 w.$2DBN
=980  \\$aArtykuły
=995  \\$aPolska Bibliografia Literacka$bPBL 2004-2020: czasopisma
=996  \\$a.b30437787$9local
=998  \\$ao$av$9local
=999  \\$aDBNd$bjka
=999  \\$abzcz$bbw$cbw$x01$y2014

