=LDR  01830nab a2200505 i 4500
=001  b0000003043780
=005  20200502060035.3
=008  140102s2013\\\\pl\\\\\\\\\\\|000\0\pol\\
=009  991022467609705066
=015  \\$aBZCz 2014/01/3390
=035  \\$a(EXLNZ-48OMNIS_NETWORK)9910233797905606
=035  \\$a(OCoLC)899897638
=035  \\$a(PL)b0000003043780
=035  \\$a(PL-WaBN)b30437805-48omnis_nlop
=035  \\$a991022467609705066
=035  \\$ab30437805
=040  \\$aWA N$cWA N
=080  \\$a821.162.1(091)(045/046)
=100  1\$aFiut, Ignacy Stanisław$d(1949- )$1http://viaf.org/viaf/84266030
=245  10$aPoetki w teatrze życia codziennego /$cIgnacy S. Fiut.
=260  \\$c2013.
=336  \\$aTekst$btxt$2rdacontent
=337  \\$aBez urządzenia pośredniczącego$bn$2rdamedia
=338  \\$aWolumin$bnc$2rdacarrier
=380  \\$iMajor genre$aLiterature$leng
=380  \\$aArtykuły
=381  \\$iMajor genre$aOther$leng
=381  \\$iMajor genre$aLyrical poetry$leng
=648  \7$a2001-$2DBN
=655  \7$aLiteratura kobieca$xhistoria$zPolska$y21 w.$2DBN
=655  \7$aPoezja polska$xhistoria$y21 w.$2DBN
=773  0\$iW:$tLiterat Krakowski : pismo Krakowskiego Oddziału Związku Literatów Polskich.$x1689-8990.$gNr 5/6 (2012/2013), s. 263-271$sLiterat Krakowski
=902  \\$a170217$c140102$dm$eb$fb$g0
=909  \\$ab0000030437805
=915  \\$aBZCz 2014/01/3390
=916  \\$aFiut, Ignacy Stanisław   (1949- )
=931  \\$a821.162.1(091)(045/046)
=955  \7$aLiteratura kobieca$xhistoria$zPolska$y21 w.$2DBN
=955  \7$aPoezja polska$xhistoria$y21 w.$2DBN
=980  \\$aArtykuły
=995  \\$aPolska Bibliografia Literacka$bPBL 2004-2020: czasopisma
=996  \\$a.b30437805$9local
=998  \\$ao$av$9local
=999  \\$aDBNd$bjka
=999  \\$abzcz$bbw$cbw$x01$y2014

