=LDR  01753nab a2200457 i 4500
=001  b0000003043784
=005  20200502060046.7
=008  140102s2013\\\\pl\\\\\\\\\\\|000\0\pol\\
=009  991022467729705066
=015  \\$aBZCz 2014/01/3427
=035  \\$a(EXLNZ-48OMNIS_NETWORK)9910360776405606
=035  \\$a(OCoLC)899897642
=035  \\$a(PL)b0000003043784
=035  \\$a(PL-WaBN)b30437842-48omnis_nlop
=035  \\$a991022467729705066
=035  \\$ab30437842
=040  \\$aWA N$cWA N
=080  \\$a821.162.1(091)(045/046)
=100  1\$aKlimczak, Dariusz Piotr$d(1973- )$1http://viaf.org/viaf/11018296
=245  10$aOczyszczeni w misterium poezji :$bmedytacja nad wierszami Magdaleny Węgrzynowicz-Plichty z tomu "Pokolenia" /$cDariusz Piotr Klimczak.
=260  \\$c2013.
=336  \\$aTekst$btxt$2rdacontent
=337  \\$aBez urządzenia pośredniczącego$bn$2rdamedia
=338  \\$aWolumin$bnc$2rdacarrier
=380  \\$iMajor genre$aLiterature$leng
=380  \\$aArtykuły
=381  \\$iMajor genre$aLyrical poetry$leng
=600  17$aWęgrzynowicz-Plichta, Magdalena$2DBN
=655  \7$aPoezja polska$xhistoria$yod 1989 r.$2DBN
=773  0\$iW:$tLiterat Krakowski : pismo Krakowskiego Oddziału Związku Literatów Polskich.$x1689-8990.$gNr 5/6 (2012/2013), s. 275-284$sLiterat Krakowski
=902  \\$a170217$c140102$dm$eb$fb$g0
=909  \\$ab0000030437842
=915  \\$aBZCz 2014/01/3427
=916  \\$aKlimczak, Dariusz Piotr   (1973- )
=931  \\$a821.162.1(091)(045/046)
=955  \7$aPoezja polska$xhistoria$yod 1989 r.$2DBN
=980  \\$aArtykuły
=995  \\$aPolska Bibliografia Literacka$bPBL 2004-2020: czasopisma
=996  \\$a.b30437842$9local
=998  \\$ao$av$9local
=999  \\$abzcz$bbw$cbw$x01$y2014

