=LDR  01660nab a2200469 i 4500
=001  b0000003043785
=005  20200502060008.5
=008  140102s2013\\\\pl\\\\\\\\\\\|000\0\pol\\
=009  991022467769705066
=015  \\$aBZCz 2014/01/3418
=035  \\$a(EXLNZ-48OMNIS_NETWORK)9910393749905606
=035  \\$a(OCoLC)899897643
=035  \\$a(PL)b0000003043785
=035  \\$a(PL-WaBN)b30437854-48omnis_nlop
=035  \\$a991022467769705066
=035  \\$ab30437854
=040  \\$aWA N$cWA N
=080  \\$a821.162.1(091)(045/046)
=100  1\$aKaczmarczyk, Irena
=245  10$a"Struktury pamięci" grupy literackiej Tilia /$cIrena Kaczmarczyk.
=260  \\$c2013.
=336  \\$aTekst$btxt$2rdacontent
=337  \\$aBez urządzenia pośredniczącego$bn$2rdamedia
=338  \\$aWolumin$bnc$2rdacarrier
=380  \\$iMajor genre$aSecondary literature$leng
=380  \\$aArtykuły
=520  8\$aZawiera rec. książki: Struktury pamięci. - Myślenice, 2012.
=630  07$aStruktury pamięci$2DBN
=655  \7$aRecenzja literacka$2DBN
=773  0\$iW:$tLiterat Krakowski : pismo Krakowskiego Oddziału Związku Literatów Polskich.$x1689-8990.$gNr 5/6 (2012/2013), s. 285-290$sLiterat Krakowski
=902  \\$a170705$c140102$dm$eb$fb$g0
=909  \\$ab0000030437854
=915  \\$aBZCz 2014/01/3418
=916  \\$aKaczmarczyk, Irena
=930  07$aStruktury pamięci$2DBN
=931  \\$a821.162.1(091)(045/046)
=955  \7$aRecenzja literacka$2DBN
=980  \\$aArtykuły
=995  \\$aPolska Bibliografia Literacka$bPBL 2004-2020: czasopisma
=996  \\$a.b30437854$9local
=998  \\$ao$av$9local
=999  \\$abzcz$bbw$cbw$x01$y2014

