=LDR  01623nab a2200469 i 4500
=001  b0000003043786
=005  20200502060019.4
=008  140102s2013\\\\pl\\\\\\\\\\\|000\1\pol\\
=009  991022467809705066
=015  \\$aBZCz 2014/01/3476
=035  \\$a(EXLNZ-48OMNIS_NETWORK)9910291864705606
=035  \\$a(OCoLC)899897644
=035  \\$a(PL)b0000003043786
=035  \\$a(PL-WaBN)b30437866-48omnis_nlop
=035  \\$a991022467809705066
=035  \\$ab30437866
=040  \\$aWA N$cWA N
=080  \\$a821.162.1-1/-9(045/046)
=100  1\$aOrlikowski, Janusz$d(1960- )$1http://viaf.org/viaf/165382300
=245  10$aMój daimonion /$cJanusz Orlikowski.
=260  \\$c2013.
=336  \\$aTekst$btxt$2rdacontent
=337  \\$aBez urządzenia pośredniczącego$bn$2rdamedia
=338  \\$aWolumin$bnc$2rdacarrier
=380  \\$iMajor genre$aLiterature$leng
=380  \\$aArtykuły
=381  \\$iMajor genre$aOther$leng
=388  1\$a2001-
=655  \7$aSzkice literackie polskie$y21 w.$2DBN
=773  0\$iW:$tLiterat Krakowski : pismo Krakowskiego Oddziału Związku Literatów Polskich.$x1689-8990.$gNr 5/6 (2012/2013), s. 293-300$sLiterat Krakowski
=902  \\$a170217$c140102$dm$eb$fb$g0
=909  \\$ab0000030437866
=915  \\$aBZCz 2014/01/3476
=916  \\$aOrlikowski, Janusz   (1960- )
=931  \\$a821.162.1-1/-9(045/046)
=955  \7$aSzkice literackie polskie$y21 w.$2DBN
=980  \\$aArtykuły
=995  \\$aPolska Bibliografia Literacka$bPBL 2004-2020: czasopisma
=996  \\$a.b30437866$9local
=998  \\$ao$av$9local
=999  \\$aDBNd$bjka
=999  \\$abzcz$bbw$cbw$x01$y2014

