=LDR  01633nab a2200457 i 4500
=001  b0000003043787
=005  20200501071411.3
=008  140102s2013\\\\pl\\\\\\\\\\\|000\0\pol\\
=009  991022467859705066
=015  \\$aBZCz 2014/01/3514
=035  \\$a(EXLNZ-48OMNIS_NETWORK)9910150243505606
=035  \\$a(OCoLC)899897652
=035  \\$a(PL)b0000003043787
=035  \\$a(PL-WaBN)b30437878-48omnis_nlop
=035  \\$a991022467859705066
=035  \\$ab30437878
=040  \\$aWA N$cWA N
=080  \\$a821.162.1(091)(045/046)
=100  1\$aSułkowska, Danuta Maria
=245  10$aSzukanie ocalenia /$cDanuta Sułkowska.
=260  \\$c2013.
=336  \\$aTekst$btxt$2rdacontent
=337  \\$aBez urządzenia pośredniczącego$bn$2rdamedia
=338  \\$aWolumin$bnc$2rdacarrier
=380  \\$iMajor genre$aSecondary literature$leng
=380  \\$aArtykuły
=520  8\$aZawiera rec. książki: Dwoisty kaprys / Joanna Rzodkiewicz. - Kraków, 2012.
=600  17$aRzodkiewicz, Joanna.$tDwoisty kaprys$2DBN
=655  \7$aRecenzja literacka$2DBN
=773  0\$iW:$tLiterat Krakowski : pismo Krakowskiego Oddziału Związku Literatów Polskich.$x1689-8990.$gNr 5/6 (2012/2013), s. 301-304$sLiterat Krakowski
=902  \\$a170705$c140102$dm$eb$fb$g0
=909  \\$ab0000030437878
=915  \\$aBZCz 2014/01/3514
=916  \\$aSułkowska, Danuta Maria
=931  \\$a821.162.1(091)(045/046)
=955  \7$aRecenzja literacka$2DBN
=980  \\$aArtykuły
=995  \\$aPolska Bibliografia Literacka$bPBL 2004-2020: czasopisma
=996  \\$a.b30437878$9local
=998  \\$ao$av$9local
=999  \\$abzcz$bbw$cbw$x01$y2014

