=LDR  02140nab a2200517 i 4500
=001  b0000003043788
=005  20200501071324.6
=008  140102s2013\\\\pl\\\\\\\\\\\|000\0\pol\\
=009  991022467909705066
=015  \\$aBZCz 2014/01/3420
=035  \\$a(EXLNZ-48OMNIS_NETWORK)9910050403705606
=035  \\$a(OCoLC)899897546
=035  \\$a(PL)b0000003043788
=035  \\$a(PL-WaBN)b3043788x-48omnis_nlop
=035  \\$a991022467909705066
=035  \\$ab3043788x
=040  \\$aWA N$cWA N
=080  \\$a821.162.1(091)(045/046)
=100  1\$aKapusta, Ewa
=245  10$aRozmowy z Anną i Jackiem Kajtochami /$cEwa Kapusta ; [oprac.] Wojciech Kajtoch.
=260  \\$c2013.
=336  \\$aTekst$btxt$2rdacontent
=337  \\$aBez urządzenia pośredniczącego$bn$2rdamedia
=338  \\$aWolumin$bnc$2rdacarrier
=380  \\$aArtykuły
=505  0\$aWywiad z panią Anną Kajtochową : (listopad 2010) ; Wywiad z panem Jackiem Kajtochem : (listopad 2010).
=600  17$aKajtoch, Jacek$d(1933-2019)$2DBN$1http://viaf.org/viaf/32013528
=600  17$aKajtochowa, Anna$d(1928-2011)$2DBN$1http://viaf.org/viaf/38524748
=650  \7$aPisarze polscy$yod 1944 r.$2DBN
=700  12$aKajtoch, Jacek$d(1933-2019)$tWywiad z panem Jackiem Kajtochem$1http://viaf.org/viaf/32013528
=700  12$aKajtochowa, Anna$d(1928-2011)$tWywiad z panią Anną Kajtochową$1http://viaf.org/viaf/38524748
=700  1\$aKajtoch, Wojciech$d(1957- )$eOprac.$1http://viaf.org/viaf/101717548
=773  0\$iW:$tLiterat Krakowski : pismo Krakowskiego Oddziału Związku Literatów Polskich.$x1689-8990.$gNr 5/6 (2012/2013), s. 307-341$sLiterat Krakowski
=902  \\$a170217$c140102$dm$eb$fb$g0
=909  \\$ab000003043788x
=915  \\$aBZCz 2014/01/3420
=916  \\$aKapusta, Ewa
=918  12$aKajtoch, Jacek$d(1933-2019).
=918  12$aKajtochowa, Anna$d(1928-2011).
=918  1\$aKajtoch, Wojciech$d(1957- )
=931  \\$a821.162.1(091)(045/046)
=980  \\$aArtykuły
=995  \\$aPolska Bibliografia Literacka$bPBL 2004-2020: czasopisma
=996  \\$a.b3043788x$9local
=998  \\$ao$av$9local
=999  \\$abzcz$bbw$cbw$x01$y2014

