=LDR  02373nab a2200649 i 4500
=001  b0000003043789
=005  20201022130241.9
=008  140103s2011\\\\pl\\\\\\\\\\\|000\0\pol\\
=009  991022467959705066
=015  \\$aBZCz 2014/01/3559
=035  \\$a(EXLNZ-48OMNIS_NETWORK)9910418012305606
=035  \\$a(OCoLC)899897659
=035  \\$a(PL)b0000003043789
=035  \\$a(PL-WaBN)b30437891-48omnis_nlop
=035  \\$a991022467959705066
=035  \\$ab30437891
=040  \\$aWA N$cWA N$dWA N
=041  0\$apol$bita
=080  \\$a821.162.1(091)(045/046)
=080  \\$a930(045/046)
=100  1\$aZiejka, Franciszek$d(1940-2020)$1http://viaf.org/viaf/32015774
=245  10$a"Perło konchy tych krain, witam was, Bielany!" :$b(o odkrywaniu urody Bielan i tajemnic kamedułów) /$cFranciszek Ziejka.
=260  \\$c2011.
=336  \\$aTekst$btxt$2rdacontent
=337  \\$aBez urządzenia pośredniczącego$bn$2rdamedia
=338  \\$aWolumin$bnc$2rdacarrier
=380  \\$aArtykuły
=546  \\$aStreszcz. wł.
=610  27$aKameduli$2DBN
=648  \7$a1601-1700$2DBN
=648  \7$a1701-1800$2DBN
=648  \7$a1801-1900$2DBN
=650  \7$aHistoriografia polska$2DBN
=650  \7$aTematy i motywy$2DBN
=651  \7$aBielany (Kraków ; część miasta)$2DBN
=651  \7$aKraków (woj. małopolskie)$2DBN
=655  \7$aLiteratura polska$2DBN
=658  \\$aHistoria
=658  \\$aLiteraturoznawstwo
=773  0\$iW:$tFolia Historica Cracoviensia.$x0867-8294.$gVol. 17 (2011), s. 7-29$sFolia Historica Cracoviensia
=902  \\$a170217$c140103$dm$eb$fb$g0
=909  \\$ab0000030437891
=915  \\$aBZCz 2014/01/3559
=916  \\$aZiejka, Franciszek   (1940-2020)
=931  \\$a821.162.1(091)(045/046)
=931  \\$a930(045/046)
=950  \\$uhttps://eu.alma.exlibrisgroup.com/view/uresolver/48OMNIS_NLOP/openurl?u.ignore_date_coverage=true&portfolio_pid=53665278710005066&Force_direct=true$zZobacz w Polonie$853665278710005066
=951  \7$aBielany (Kraków ; część miasta)$2DBN
=951  \7$aKraków (woj. małopolskie)$2DBN
=955  \7$aLiteratura polska$2DBN
=958  \\$aHistoria
=958  \\$aLiteraturoznawstwo
=980  \\$aArtykuły
=995  \\$aPolska Bibliografia Literacka$bPBL 2004-2020: czasopisma
=996  \\$a.b30437891$9local
=998  \\$ao$av$9local
=999  \\$abzcz$bpg$x01$y2014$amerk

