=LDR  01937nab a2200517 i 4500
=001  b0000003043812
=005  20200502060047.6
=008  140103s2013\\\\pl\\\\\\\\\\\|000\0\pol\\
=009  991022468829705066
=015  \\$aBZCz 2014/01/3524
=035  \\$a(EXLNZ-48OMNIS_NETWORK)9910293078105606
=035  \\$a(OCoLC)899897580
=035  \\$a(PL)b0000003043812
=035  \\$a(PL-WaBN)b30438123-48omnis_nlop
=035  \\$a991022468829705066
=035  \\$ab30438123
=040  \\$aWA N$cWA N
=080  \\$a821.162.1(091)(045/046)
=100  1\$aSzybowicz, Eliza$d(1977- )$1http://viaf.org/viaf/311139849
=245  10$aEmancypantka z ZMP /$cEliza Szybowicz.
=260  \\$c2013.
=336  \\$aTekst$btxt$2rdacontent
=337  \\$aBez urządzenia pośredniczącego$bn$2rdamedia
=338  \\$aWolumin$bnc$2rdacarrier
=380  \\$iMajor genre$aLiterature$leng
=380  \\$aArtykuły
=381  \\$iMajor genre$aFiction$leng
=520  8\$aO postawie bohaterki książek "Słoneczniki" i "Paladyni" H. Snopkiewicz.
=600  17$aSnopkiewicz, Halina$d(1934-1980)$2DBN$1http://viaf.org/viaf/39792102
=648  \7$a1901-2000$2DBN
=648  \7$a1945-1989$2DBN
=650  \7$aEmancypacja kobiet$xw literaturze polskiej.$2DBN
=650  \7$aKobieta$xw literaturze polskiej$2DBN
=655  \7$aPowieść młodzieżowa polska$xtematyka$y1944-1989 r.$2DBN
=773  0\$iW:$tBez Dogmatu : miesięcznik kulturalno-polityczny.$x1231-1162.$g2013, nr 4, s. 9-11$sBez Dogmatu
=902  \\$a180928$c140103$dm$eb$fb$g0
=909  \\$ab0000030438123
=915  \\$aBZCz 2014/01/3524
=916  \\$aSzybowicz, Eliza   (1977- )
=931  \\$a821.162.1(091)(045/046)
=955  \7$aPowieść młodzieżowa polska$xtematyka$y1944-1989 r.$2DBN
=980  \\$aArtykuły
=995  \\$aPolska Bibliografia Literacka$bPBL 2004-2020: czasopisma
=996  \\$a.b30438123$9local
=998  \\$ao$av$9local
=999  \\$abzcz$bjds$cjds$x01$y2014

