=LDR  02409nab a2200589 i 4500
=001  b0000003043819
=005  20201022130348.3
=008  140103s2011\\\\pl\\\\\\\\\\\|000\0\pol\\
=009  991022469069705066
=015  \\$aBZCz 2014/01/714
=035  \\$a(EXLNZ-48OMNIS_NETWORK)9910500287205606
=035  \\$a(OCoLC)899897741
=035  \\$a(PL)b0000003043819
=035  \\$a(PL-WaBN)b30438196-48omnis_nlop
=035  \\$a991022469069705066
=035  \\$ab30438196
=040  \\$aWA N$cWA N
=041  0\$apol$bita
=080  \\$a30(045/046)
=080  \\$a821.162.1(091)(045/046)
=080  \\$a94(438).02/.06(045/046)
=100  1\$aWróbel, Elżbieta Elena$d(1966- )$1http://viaf.org/viaf/161821277
=245  10$aStaropolski autoportret białogłowy /$cElżbieta Elena Wróbel.
=260  \\$c2011.
=336  \\$aTekst$btxt$2rdacontent
=337  \\$aBez urządzenia pośredniczącego$bn$2rdamedia
=338  \\$aWolumin$bnc$2rdacarrier
=380  \\$iMajor genre$aLiterature$leng
=380  \\$aArtykuły
=381  \\$iMajor genre$aOther$leng
=546  \\$aStreszcz. wł.
=600  17$aMarchocka, Anna Maria$d(1603-1652)$tAutobiografia mistyczna$2DBN$1http://viaf.org/viaf/34103566
=600  17$aStanisławska, Anna$d(ok. 1651-ok. 1700).$tTransakcyja albo Opisanie całego życia jednej sieroty przez żałosne treny od tejże samej pisane roku 1685$2DBN
=648  \7$a1601-1700$2DBN
=650  \7$aKobieta$xsocjologia$zPolska$y17 w.$2DBN
=650  \7$aKobieta$xw literaturze polskiej$2DBN
=655  \7$aPamiętniki polskie$xtematyka$y17 w.$2DBN
=773  0\$iW:$tFolia Historica Cracoviensia.$x0867-8294.$gVol. 17 (2011), s. 137-150$sFolia Historica Cracoviensia
=902  \\$a180524$c140103$dm$eb$fb$g0
=909  \\$ab0000030438196
=915  \\$aBZCz 2014/01/714
=916  \\$aWróbel, Elżbieta Elena   (1966- )
=931  \\$a30(045/046)
=931  \\$a821.162.1(091)(045/046)
=931  \\$a94(438).02/.06(045/046)
=950  \\$uhttps://eu.alma.exlibrisgroup.com/view/uresolver/48OMNIS_NLOP/openurl?u.ignore_date_coverage=true&portfolio_pid=53665304180005066&Force_direct=true$zZobacz w Polonie$853665304180005066
=955  \7$aPamiętniki polskie$xtematyka$y17 w.$2DBN
=980  \\$aArtykuły
=995  \\$aPolska Bibliografia Literacka$bPBL 2004-2020: czasopisma
=996  \\$a.b30438196$9local
=998  \\$ao$av$9local
=999  \\$abzcz$bpg$x01$y2014$amerk

