=LDR  02064nab a2200589 i 4500
=001  b0000003043829
=005  20200502060050.8
=008  140103s2013\\\\pl\\\\\\\\\\\|000\0\pol\\
=009  991022469459705066
=015  \\$aBZCz 2014/01/808
=035  \\$a(EXLNZ-48OMNIS_NETWORK)9910285390305606
=035  \\$a(OCoLC)899897742
=035  \\$a(PL)b0000003043829
=035  \\$a(PL-WaBN)b30438299-48omnis_nlop
=035  \\$a991022469459705066
=035  \\$ab30438299
=040  \\$aWA N$cWA N
=080  \\$a316(045/046)
=080  \\$a329(045/046)
=080  \\$a821.162.1(091)(045/046)
=100  1\$aMrozik, Agnieszka$d(1979- )$1http://viaf.org/viaf/102273542
=245  10$aPolskie "Niezłomne" /$cAgnieszka Mrozik.
=260  \\$c2013.
=336  \\$aTekst$btxt$2rdacontent
=337  \\$aBez urządzenia pośredniczącego$bn$2rdamedia
=338  \\$aWolumin$bnc$2rdacarrier
=380  \\$iMajor genre$aLiterature$leng
=380  \\$aArtykuły
=381  \\$iMajor genre$aOther$leng
=600  17$aGranas, Romana$d(1906-1987)$2DBN$1http://viaf.org/viaf/153671961
=600  17$aOrłowska, Cecylia Czesława$d(1906-1937)$2DBN
=648  \7$a1901-1914$2DBN
=648  \7$a1901-2000$2DBN
=648  \7$a1914-1918$2DBN
=648  \7$a1918-1939$2DBN
=650  \7$aKobieta$zPolska$y1901-1939 r.$2DBN
=650  \7$aRuchy i organizacje robotnicze$zPolska$y1901-1939 r.$2DBN
=655  \7$aPamiętniki polskie$xhistoria$y1901-1939 r.$2DBN
=773  0\$iW:$tBez Dogmatu : miesięcznik kulturalno-polityczny.$x1231-1162.$g2013, nr 4, s. 14-15$sBez Dogmatu
=902  \\$a180928$c140103$dm$eb$fb$g0
=909  \\$ab0000030438299
=915  \\$aBZCz 2014/01/808
=916  \\$aMrozik, Agnieszka   (1979- )
=931  \\$a316(045/046)
=931  \\$a329(045/046)
=931  \\$a821.162.1(091)(045/046)
=955  \7$aPamiętniki polskie$xhistoria$y1901-1939 r.$2DBN
=980  \\$aArtykuły
=995  \\$aPolska Bibliografia Literacka$bPBL 2004-2020: czasopisma
=996  \\$a.b30438299$9local
=998  \\$ao$av$9local
=999  \\$abzcz$bjds$cjds$x01$y2014

