=LDR  01703nab a2200493 i 4500
=001  b0000003043874
=005  20200501071350.2
=008  140103s2013\\\\pl\\\\\\\\\\\|000\0\pol\\
=009  991022471269705066
=015  \\$aBZCz 2014/01/2801
=035  \\$a(EXLNZ-48OMNIS_NETWORK)9910044538205606
=035  \\$a(OCoLC)899897928
=035  \\$a(PL)b0000003043874
=035  \\$a(PL-WaBN)b30438743-48omnis_nlop
=035  \\$a991022471269705066
=035  \\$ab30438743
=040  \\$aWA N$cWA N
=080  \\$a791(045/046)
=100  1\$aKazimierowska, Katarzyna$d(1979- )$1http://viaf.org/viaf/306404164
=245  10$aAfter Tiller /$cKatarzyna Kazimierowska.
=260  \\$c2013.
=336  \\$aTekst$btxt$2rdacontent
=337  \\$aBez urządzenia pośredniczącego$bn$2rdamedia
=338  \\$aWolumin$bnc$2rdacarrier
=380  \\$iMajor genre$aSecondary literature$leng
=380  \\$aArtykuły
=520  8\$aZawiera rec. filmu: W ślady Tillera / reż. Martha Shane, Lana Wilson.
=600  17$aShane, Martha$2DBN
=600  17$aWilson, Lana$2DBN
=630  07$aAfter Tiller (film)$2DBN
=655  \7$aRecenzja filmowa$2DBN
=773  0\$iW:$tBez Dogmatu : miesięcznik kulturalno-polityczny.$x1231-1162.$g2013, nr 4, s. 28-30$sBez Dogmatu
=902  \\$a180928$c140103$dm$eb$fb$g0
=909  \\$ab0000030438743
=915  \\$aBZCz 2014/01/2801
=916  \\$aKazimierowska, Katarzyna   (1979- )
=930  07$aAfter Tiller (film)$2DBN
=931  \\$a791(045/046)
=955  \7$aRecenzja filmowa$2DBN
=980  \\$aArtykuły
=995  \\$aPolska Bibliografia Literacka$bPBL 2004-2020: czasopisma
=996  \\$a.b30438743$9local
=998  \\$ao$av$9local
=999  \\$abzcz$bjds$cjds$x01$y2014

