=LDR  01598nab a2200445 i 4500
=001  b0000003043877
=005  20200502060113.9
=008  140103s2013\\\\pl\\\\\\\\\\\|000\0\pol\\
=009  991022471409705066
=015  \\$aBZCz 2014/01/3469
=035  \\$a(EXLNZ-48OMNIS_NETWORK)9910288557005606
=035  \\$a(OCoLC)899897902
=035  \\$a(PL)b0000003043877
=035  \\$a(PL-WaBN)b30438779-48omnis_nlop
=035  \\$a991022471409705066
=035  \\$ab30438779
=040  \\$aWA N$cWA N
=080  \\$a821.162.1(091)(045/046)
=100  1\$aMrozik, Agnieszka$d(1979- )$1http://viaf.org/viaf/102273542
=245  10$aDyskretny urok autobiografii (nie)politycznej /$cAgnieszka Mrozik.
=260  \\$c2013.
=336  \\$aTekst$btxt$2rdacontent
=337  \\$aBez urządzenia pośredniczącego$bn$2rdamedia
=338  \\$aWolumin$bnc$2rdacarrier
=380  \\$aArtykuły
=600  17$aTusk, Małgorzata$d(1957- )$tMiędzy nami$2DBN$1http://viaf.org/viaf/305839879
=650  \7$aBiografistyka$zPolska$2DBN
=650  \7$aKobieta$xa polityka$zPolska$yod 1944 r.$2DBN
=650  \7$aBiography$2ELB-g
=773  0\$iW:$tBez Dogmatu : miesięcznik kulturalno-polityczny.$x1231-1162.$g2013, nr 4, s. 31-33$sBez Dogmatu
=902  \\$a180928$c140103$dm$eb$fb$g0
=909  \\$ab0000030438779
=915  \\$aBZCz 2014/01/3469
=916  \\$aMrozik, Agnieszka   (1979- )
=931  \\$a821.162.1(091)(045/046)
=980  \\$aArtykuły
=995  \\$aPolska Bibliografia Literacka$bPBL 2004-2020: czasopisma
=996  \\$a.b30438779$9local
=998  \\$ao$av$9local
=999  \\$abzcz$bjds$cjds$x01$y2014

