=LDR  01601nab a2200457 i 4500
=001  b0000003043884
=005  20200502060135.3
=008  140103s2013\\\\pl\\\\\\\\\\\|000\0\pol\\
=009  991022471679705066
=015  \\$aBZCz 2014/01/3522
=035  \\$a(EXLNZ-48OMNIS_NETWORK)9910158967405606
=035  \\$a(OCoLC)899897960
=035  \\$a(PL)b0000003043884
=035  \\$a(PL-WaBN)b30438846-48omnis_nlop
=035  \\$a991022471679705066
=035  \\$ab30438846
=040  \\$aWA N$cWA N
=080  \\$a821.162.1(091)(045/046)
=100  1\$aSzpara, Teofil
=245  10$aCiemno, ciemniej /$cTeofil Szpara.
=260  \\$c2013.
=336  \\$aTekst$btxt$2rdacontent
=337  \\$aBez urządzenia pośredniczącego$bn$2rdamedia
=338  \\$aWolumin$bnc$2rdacarrier
=380  \\$iMajor genre$aSecondary literature$leng
=380  \\$aArtykuły
=520  8\$aZawiera rec. książki: Ciemno, prawie noc / Joanna Bator. - Warszawa, 2012.
=600  17$aBator, Joanna$d(1968- )$tCiemno, prawie noc$2DBN$1http://viaf.org/viaf/160185535
=655  \7$aRecenzja literacka$2DBN
=773  0\$iW:$tBez Dogmatu : miesięcznik kulturalno-polityczny.$x1231-1162.$g2013, nr 4, s. 35-36$sBez Dogmatu
=902  \\$a180928$c140103$dm$eb$fb$g0
=909  \\$ab0000030438846
=915  \\$aBZCz 2014/01/3522
=916  \\$aSzpara, Teofil
=931  \\$a821.162.1(091)(045/046)
=955  \7$aRecenzja literacka$2DBN
=980  \\$aArtykuły
=995  \\$aPolska Bibliografia Literacka$bPBL 2004-2020: czasopisma
=996  \\$a.b30438846$9local
=998  \\$ao$av$9local
=999  \\$abzcz$bjds$cjds$x01$y2014

