=LDR  02470nab a2200649 i 4500
=001  b0000003043896
=005  20201022130322.2
=008  140103s2012\\\\pl\\\\\\\\\\\|000\0\pol\\
=009  991022472159705066
=015  \\$aBZCz 2014/01/2228
=035  \\$a(EXLNZ-48OMNIS_NETWORK)9910356602405606
=035  \\$a(OCoLC)899897360
=035  \\$a(PL)b0000003043896
=035  \\$a(PL-WaBN)b30438962-48omnis_nlop
=035  \\$a991022472159705066
=035  \\$ab30438962
=040  \\$aWA N$cWA N
=041  0\$apol$beng
=080  \\$a1(045/046)
=080  \\$a56/59(045/046)
=080  \\$a82(091)+82.0(045/046)
=100  1\$aBednarczyk, Andrzej$d(1939- )$1http://viaf.org/viaf/81256224
=245  10$aJohann Wolfgang Goethe (1749-1832) :$bmetoda genetyczna i francuski aforyzm : w 180. rocznicę śmierci poety-przyrodnika /$cAndrzej Bednarczyk.
=260  \\$c2012.
=336  \\$aTekst$btxt$2rdacontent
=337  \\$aBez urządzenia pośredniczącego$bn$2rdamedia
=338  \\$aWolumin$bnc$2rdacarrier
=380  \\$iMajor genre$aLiterature$leng
=380  \\$aArtykuły
=380  \\$aProza
=381  \\$iMajor genre$aFiction$leng
=388  1\$a1701-1800
=388  1\$a1801-1900
=546  \\$aStreszcz. ang.
=600  17$aGoethe, Johann Wolfgang von$d(1749-1832)$2DBN$1http://viaf.org/viaf/24602065
=600  17$aTurpin, P.J.F. (Pierre Jean François)$d(1775-1840)$2DBN$1http://viaf.org/viaf/76465308
=650  \7$aAforyzmy$2DBN
=650  \7$aLiteratura francuska$2DBN
=650  \7$aNauki przyrodnicze$xhistoria$y18-19 w.$2DBN
=650  \7$aFrench literature$2ELB-n
=658  \\$aLiteraturoznawstwo
=773  0\$iW:$tKwartalnik Historii Nauki i Techniki.$x0023-589X.$gR. 57, nr 3/4 (2012), s. 7-65$sKwartalnik Historii Nauki i Techniki
=902  \\$a180806$c140103$dm$eb$fb$g0
=909  \\$ab0000030438962
=915  \\$aBZCz 2014/01/2228
=916  \\$aBednarczyk, Andrzej   (1939- )
=931  \\$a1(045/046)
=931  \\$a56/59(045/046)
=931  \\$a82(091)+82.0(045/046)
=950  \\$uhttps://eu.alma.exlibrisgroup.com/view/uresolver/48OMNIS_NLOP/openurl?u.ignore_date_coverage=true&portfolio_pid=53665323460005066&Force_direct=true$zZobacz w Polonie$853665323460005066
=958  \\$aLiteraturoznawstwo
=980  \\$aArtykuły
=980  \\$aProza
=995  \\$aPolska Bibliografia Literacka$bPBL 2004-2020: czasopisma
=996  \\$a.b30438962$9local
=998  \\$ao$av$9local
=999  \\$abzcz$bws$cws$x01$y2014$amerk

