=LDR  01819nab a2200493 i 4500
=001  b0000003043907
=005  20200501071339.8
=008  140107s2012\\\\pl\\\\\\\\\\\|000\0\pol\\
=009  991022472639705066
=015  \\$aBZCz 2014/01/3287
=035  \\$a(EXLNZ-48OMNIS_NETWORK)9910081890605606
=035  \\$a(OCoLC)899898024
=035  \\$a(PL)b0000003043907
=035  \\$a(PL-WaBN)b30439073-48omnis_nlop
=035  \\$a991022472639705066
=035  \\$ab30439073
=040  \\$aWA N$cWA N
=041  0\$apol$beng
=080  \\$a82(091)+82.0(045/046)
=100  1\$aPiechota, Dariusz$d(1981- )$1http://viaf.org/viaf/308288950
=245  10$aNowoczesny wizerunek laboratorium doktora Moreau w twórczości Robina Cooka /$cDariusz Piechota.
=260  \\$c2012.
=336  \\$aTekst$btxt$2rdacontent
=337  \\$aBez urządzenia pośredniczącego$bn$2rdamedia
=338  \\$aWolumin$bnc$2rdacarrier
=380  \\$iMajor genre$aLiterature$leng
=380  \\$aArtykuły
=381  \\$iMajor genre$aFiction$leng
=546  \\$aStreszcz. ang.
=600  17$aCook, Robin$d(1940- )$2DBN$1http://viaf.org/viaf/109274608
=650  \7$aLekarze$xw literaturze amerykańskiej$2DBN
=655  \7$aPowieść amerykańska$xtematyka$yod 1945 r.$2DBN
=773  0\$iW:$tCzas Kultury : kultura, literatura, filozofia.$x0867-2148.$gR. 28, [nr] 6 (2012), s. 36-43$sCzas Kultury
=902  \\$a170217$c140107$dm$eb$fb$g0
=909  \\$ab0000030439073
=915  \\$aBZCz 2014/01/3287
=916  \\$aPiechota, Dariusz   (1981- )
=931  \\$a82(091)+82.0(045/046)
=955  \7$aPowieść amerykańska$xtematyka$yod 1945 r.$2DBN
=980  \\$aArtykuły
=995  \\$aPolska Bibliografia Literacka$bPBL 2004-2020: czasopisma
=996  \\$a.b30439073$9local
=998  \\$ao$av$9local
=999  \\$abzcz$bmw$cmw$cmp$x01$y2014

