=LDR  01539caa a2200469 i 4500
=001  b0000003043912
=005  20200502060113.9
=008  140107s2012\\\\pl\\\\\\\\\\\|000\1\pol\\
=009  991022472859705066
=015  \\$aBZCz 2014/01/3653
=035  \\$a(EXLNZ-48OMNIS_NETWORK)9910524627205606
=035  \\$a(OCoLC)899898038
=035  \\$a(PL)b0000003043912
=035  \\$a(PL-WaBN)b30439127-48omnis_nlop
=035  \\$a991022472859705066
=035  \\$ab30439127
=040  \\$aWA N$cWA N
=080  \\$a821.162.1-1/-9(045/046)
=100  1\$aKitsch, Samantha
=245  10$aNa motywach Wallace'a Stevensa, "Of Mere Being" /$cSamantha Kitsch.
=260  \\$c2012.
=336  \\$aTekst$btxt$2rdacontent
=337  \\$aBez urządzenia pośredniczącego$bn$2rdamedia
=338  \\$aWolumin$bnc$2rdacarrier
=380  \\$iMajor genre$aLiterature$leng
=380  \\$aArtykuły
=381  \\$iMajor genre$aLyrical poetry$leng
=388  1\$a2001-
=655  \7$aPoezja polska$y21 w.$2DBN
=773  0\$iW:$tCzas Kultury : kultura, literatura, filozofia.$x0867-2148.$gR. 28, [nr] 6 (2012), s. 68$sCzas Kultury
=902  \\$a180829$c140107$dm$eb$fb$g0
=909  \\$ab0000030439127
=915  \\$aBZCz 2014/01/3653
=916  \\$aKitsch, Samantha
=931  \\$a821.162.1-1/-9(045/046)
=955  \7$aPoezja polska$y21 w.$2DBN
=980  \\$aArtykuły
=995  \\$aPolska Bibliografia Literacka$bPBL 2004-2020: czasopisma
=996  \\$a.b30439127$9local
=998  \\$ao$av$9local
=999  \\$aDBNd$bjka
=999  \\$abzcz$bmw$cmw$x01$y2014

