=LDR  01867nab a2200505 i 4500
=001  b0000003043913
=005  20200501071327.5
=008  140107s2012\\\\pl\\\\\\\\\\\|000\1\pol\\
=009  991022472899705066
=015  \\$aBZCz 2014/01/3695
=035  \\$a(EXLNZ-48OMNIS_NETWORK)9910067054805606
=035  \\$a(OCoLC)899898040
=035  \\$a(PL)b0000003043913
=035  \\$a(PL-WaBN)b30439139-48omnis_nlop
=035  \\$a991022472899705066
=035  \\$ab30439139
=040  \\$aWA N$cWA N
=080  \\$a821.162.1-1/-9(045/046)
=100  1\$aNowakowski, Rafał$d(1972- )$1http://viaf.org/viaf/167075321
=245  10$aW międzyczasie metafizyka feromonów ;$bPilnujcie swoich ubrań! ; Przedświt /$cRafał Nowakowski.
=260  \\$c2012.
=336  \\$aTekst$btxt$2rdacontent
=337  \\$aBez urządzenia pośredniczącego$bn$2rdamedia
=338  \\$aWolumin$bnc$2rdacarrier
=380  \\$iMajor genre$aLiterature$leng
=380  \\$aArtykuły
=381  \\$iMajor genre$aFiction$leng
=388  1\$a2001-
=655  \7$aProza polska$y21 w.$2DBN
=700  12$aNowakowski, Rafał$d(1972- )$tPilnujcie swoich ubrań!$1http://viaf.org/viaf/167075321
=700  12$aNowakowski, Rafał$d(1972- )$tPrzedświt$1http://viaf.org/viaf/167075321
=773  0\$iW:$tCzas Kultury : kultura, literatura, filozofia.$x0867-2148.$gR. 28, [nr] 6 (2012), s. 69-74$sCzas Kultury
=902  \\$a170217$c140107$dm$eb$fb$g0
=909  \\$ab0000030439139
=915  \\$aBZCz 2014/01/3695
=916  \\$aNowakowski, Rafał   (1972- )
=918  12$aNowakowski, Rafał$d(1972- ).
=931  \\$a821.162.1-1/-9(045/046)
=955  \7$aProza polska$y21 w.$2DBN
=980  \\$aArtykuły
=995  \\$aPolska Bibliografia Literacka$bPBL 2004-2020: czasopisma
=996  \\$a.b30439139$9local
=998  \\$ao$av$9local
=999  \\$aDBNd$bjka
=999  \\$abzcz$bmw$cmw$x01$y2014

