=LDR  01840nab a2200529 i 4500
=001  b0000003043914
=005  20200502060058.8
=008  140107s2012\\\\pl\\\\\\\\\\\|000\1\pol\\
=009  991022472939705066
=015  \\$aBZCz 2014/01/3589
=035  \\$a(EXLNZ-48OMNIS_NETWORK)9910709171305606
=035  \\$a(OCoLC)899898042
=035  \\$a(PL)b0000003043914
=035  \\$a(PL-WaBN)b30439140-48omnis_nlop
=035  \\$ab30439140
=040  \\$aWA N$cWA N$dWA N
=041  1\$apol$hslo
=080  \\$a82-1/-9(045/046)
=100  1\$aPain, Agda Bavi$d(1976- )$1http://viaf.org/viaf/301853978
=245  10$aKoniec świata /$cAgda Bavi Pain ; tł. ze słowac. Mateusz Trzeciak, Olga Stawińska.
=260  \\$c2012.
=336  \\$aTekst$btxt$2rdacontent
=337  \\$aBez urządzenia pośredniczącego$bn$2rdamedia
=338  \\$aWolumin$bnc$2rdacarrier
=380  \\$iMajor genre$aLiterature$leng
=380  \\$aArtykuły
=381  \\$iMajor genre$aFiction$leng
=388  1\$a2001-
=500  \\$aFragm. powieści.
=655  \7$aPowieść słowacka$y21 w.$2DBN
=700  1\$aStawińska, Olga$d(1986- )$eTł.$1http://viaf.org/viaf/307482997
=700  1\$aTrzeciak, Mateusz$eTł.
=773  0\$iW:$tCzas Kultury : kultura, literatura, filozofia.$x0867-2148.$gR. 28, [nr] 6 (2012), s. 75-79$sCzas Kultury
=902  \\$a170217$c140107$dm$eb$fb$g0
=909  \\$ab0000030439140
=915  \\$aBZCz 2014/01/3589
=916  \\$aPain, Agda Bavi   (1976- )
=918  1\$aStawińska, Olga$d(1986- )
=918  1\$aTrzeciak, Mateusz
=931  \\$a82-1/-9(045/046)
=955  \7$aPowieść słowacka$y21 w.$2DBN
=980  \\$aArtykuły
=995  \\$aPolska Bibliografia Literacka$bPBL 2004-2020: czasopisma
=996  \\$a.b30439140$9local
=998  \\$ao$av$9local
=999  \\$aDBNd$bjka
=999  \\$abzcz$bmw$cmw$x01$y2014

