=LDR  01988nab a2200541 i 4500
=001  b0000003043915
=005  20200502060027.0
=008  140107s2012\\\\pl\\\\\\\\\\\|000\0\pol\\
=009  991022472979705066
=015  \\$aBZCz 2014/01/3415
=035  \\$a(EXLNZ-48OMNIS_NETWORK)9910360570105606
=035  \\$a(OCoLC)899898051
=035  \\$a(PL)b0000003043915
=035  \\$a(PL-WaBN)b30439152-48omnis_nlop
=035  \\$a991022472979705066
=035  \\$ab30439152
=040  \\$aWA N$cWA N
=080  \\$a050+070(045/046)
=080  \\$a821.162.1(091)(045/046)
=100  1\$aHugo-Bader, Jacek$d(1957- )$1http://viaf.org/viaf/40509373
=245  10$aImperium zasługuje na hańbę /$cJacek-Hugo-Bader ; rozm. przepr. Dorota Oczak.
=260  \\$c2012.
=336  \\$aTekst$btxt$2rdacontent
=337  \\$aBez urządzenia pośredniczącego$bn$2rdamedia
=338  \\$aWolumin$bnc$2rdacarrier
=380  \\$iMajor genre$aLiterature$leng
=380  \\$aArtykuły
=381  \\$iMajor genre$aOther$leng
=600  17$aHugo-Bader, Jacek$d(1957- )$2DBN$1http://viaf.org/viaf/40509373
=650  \7$aDziennikarze$zPolska$yod 1980 r.$2DBN
=655  \7$aReportaż polski$xhistoria$yod 1980 r.$2DBN
=655  \7$aWywiad dziennikarski$2DBN
=700  1\$aOczak, Dorota$d(1989- )$1http://viaf.org/viaf/307482999
=773  0\$iW:$tCzas Kultury : kultura, literatura, filozofia.$x0867-2148.$gR. 28, [nr] 6 (2012), s. 80-93$sCzas Kultury
=902  \\$a170217$c140107$dm$eb$fb$g0
=909  \\$ab0000030439152
=915  \\$aBZCz 2014/01/3415
=916  \\$aHugo-Bader, Jacek   (1957- )
=918  1\$aOczak, Dorota$d(1989- )
=931  \\$a050+070(045/046)
=931  \\$a821.162.1(091)(045/046)
=955  \7$aReportaż polski$xhistoria$yod 1980 r.$2DBN
=955  \7$aWywiad dziennikarski$2DBN
=980  \\$aArtykuły
=995  \\$aPolska Bibliografia Literacka$bPBL 2004-2020: czasopisma
=996  \\$a.b30439152$9local
=998  \\$ao$av$9local
=999  \\$abzcz$bmw$cmw$x01$y2014

