=LDR  01722nab a2200457 i 4500
=001  b0000003043917
=005  20200502060118.9
=008  140107s2012\\\\pl\\\\\\\\\\\|000\0\pol\\
=009  991022473049705066
=015  \\$aBZCz 2014/01/3490
=035  \\$a(EXLNZ-48OMNIS_NETWORK)9910490076405606
=035  \\$a(OCoLC)899897859
=035  \\$a(PL)b0000003043917
=035  \\$a(PL-WaBN)b30439176-48omnis_nlop
=035  \\$a991022473049705066
=035  \\$ab30439176
=040  \\$aWA N$cWA N
=080  \\$a821.162.1(091)(045/046)
=100  1\$aPoprawa, Adam$d(1959- )$1http://viaf.org/viaf/56691986
=245  10$aWiersze z pokoju, hotelowego /$cAdam Poprawa.
=260  \\$c2012.
=336  \\$aTekst$btxt$2rdacontent
=337  \\$aBez urządzenia pośredniczącego$bn$2rdamedia
=338  \\$aWolumin$bnc$2rdacarrier
=380  \\$iMajor genre$aSecondary literature$leng
=380  \\$aArtykuły
=520  8\$aZawiera rec. książki: Na dzień dzisiejszy i chwilę obecną / Jerzy Jarniewicz. - Wrocław, 2012.
=600  17$aJarniewicz, Jerzy$d(1958- )$tNa dzień dzisiejszy i chwilę obecną$2DBN$1http://viaf.org/viaf/84192165
=655  \7$aRecenzja literacka$2DBN
=773  0\$iW:$tCzas Kultury : kultura, literatura, filozofia.$x0867-2148.$gR. 28, [nr] 6 (2012), s. 106-108$sCzas Kultury
=902  \\$a170705$c140107$dm$eb$fb$g0
=909  \\$ab0000030439176
=915  \\$aBZCz 2014/01/3490
=916  \\$aPoprawa, Adam   (1959- )
=931  \\$a821.162.1(091)(045/046)
=955  \7$aRecenzja literacka$2DBN
=980  \\$aArtykuły
=995  \\$aPolska Bibliografia Literacka$bPBL 2004-2020: czasopisma
=996  \\$a.b30439176$9local
=998  \\$ao$av$9local
=999  \\$abzcz$bmw$cmw$x01$y2014

