=LDR  02020nab a2200505 i 4500
=001  b0000003043922
=005  20200501071315.5
=008  140107s2012\\\\pl\\\\\\\\\\\|000\0\pol\\
=009  991022473239705066
=015  \\$aBZCz 2014/01/3251
=035  \\$a(EXLNZ-48OMNIS_NETWORK)9910106169605606
=035  \\$a(OCoLC)899898074
=035  \\$a(PL)b0000003043922
=035  \\$a(PL-WaBN)b3043922x-48omnis_nlop
=035  \\$a991022473239705066
=035  \\$ab3043922x
=040  \\$aWA N$cWA N
=080  \\$a82(091)+82.0(045/046)
=100  1\$aLarek, Michał$d(1978- )$1http://viaf.org/viaf/106863956
=245  10$aDesign i szaleństwo /$cMichał Larek.
=260  \\$c2012.
=336  \\$aTekst$btxt$2rdacontent
=337  \\$aBez urządzenia pośredniczącego$bn$2rdamedia
=338  \\$aWolumin$bnc$2rdacarrier
=380  \\$iMajor genre$aSecondary literature$leng
=380  \\$aArtykuły
=520  8\$aZawiera rec. książki: W cieniu mistrza : 16 klasycznych opowiadań Edgara Allana Poego i eseje pióra Michaela Connelly'ego [et al.]. - Warszawa, 2012.
=600  17$aConnelly, Michael$d(1956- )$2DBN$1http://viaf.org/viaf/19745715
=600  17$aPoe, Edgar Allan$d(1809-1849)$2DBN$1http://viaf.org/viaf/60351476
=630  07$aMystery Writers of America presents In the shadow of the master$2DBN
=655  \7$aRecenzja literacka$2DBN
=740  0\$aW cieniu mistrza - recenzja
=773  0\$iW:$tCzas Kultury : kultura, literatura, filozofia.$x0867-2148.$gR. 28, [nr] 6 (2012), s. 122-124$sCzas Kultury
=902  \\$a170217$c140107$dm$eb$fb$g0
=909  \\$ab000003043922x
=915  \\$aBZCz 2014/01/3251
=916  \\$aLarek, Michał   (1978- )
=930  07$aMystery Writers of America presents In the shadow of the master$2DBN
=931  \\$a82(091)+82.0(045/046)
=955  \7$aRecenzja literacka$2DBN
=980  \\$aArtykuły
=995  \\$aPolska Bibliografia Literacka$bPBL 2004-2020: czasopisma
=996  \\$a.b3043922x$9local
=998  \\$ao$av$9local
=999  \\$abzcz$bmw$cmw$x01$y2014

