=LDR  01771nab a2200469 i 4500
=001  b0000003043924
=005  20200502060139.3
=008  140107s2012\\\\pl\\\\\\\\\\\|000\0\pol\\
=009  991022473319705066
=015  \\$aBZCz 2014/01/3447
=035  \\$a(EXLNZ-48OMNIS_NETWORK)9910253387405606
=035  \\$a(OCoLC)899898068
=035  \\$a(PL)b0000003043924
=035  \\$a(PL-WaBN)b30439243-48omnis_nlop
=035  \\$a991022473319705066
=035  \\$ab30439243
=040  \\$aWA N$cWA N
=080  \\$a821.162.1(091)(045/046)
=100  1\$aLisowska, Katarzyna$d(1988- )$1http://viaf.org/viaf/297063088
=245  10$aNiepokój zamknięcia, przyjemność lektury /$cKatarzyna Lisowska.
=260  \\$c2012.
=336  \\$aTekst$btxt$2rdacontent
=337  \\$aBez urządzenia pośredniczącego$bn$2rdamedia
=338  \\$aWolumin$bnc$2rdacarrier
=380  \\$iMajor genre$aSecondary literature$leng
=380  \\$aArtykuły
=520  8\$aZawiera rec. książki: Klaustrofobia na wynos / Kamila Pawluś. - Poznań, 2012.
=600  17$aPawluś, Kamila$d(1979- )$tKlaustrofobia na wynos$2DBN$1http://viaf.org/viaf/81326942
=655  \7$aRecenzja literacka$2DBN
=740  0\$aKlaustrofobia na wynos - recenzja
=773  0\$iW:$tCzas Kultury : kultura, literatura, filozofia.$x0867-2148.$gR. 28, [nr] 6 (2012), s. 128-130$sCzas Kultury
=902  \\$a170217$c140107$dm$eb$fb$g0
=909  \\$ab0000030439243
=915  \\$aBZCz 2014/01/3447
=916  \\$aLisowska, Katarzyna   (1988- )
=931  \\$a821.162.1(091)(045/046)
=955  \7$aRecenzja literacka$2DBN
=980  \\$aArtykuły
=995  \\$aPolska Bibliografia Literacka$bPBL 2004-2020: czasopisma
=996  \\$a.b30439243$9local
=998  \\$ao$av$9local
=999  \\$abzcz$bmw$cmw$x01$y2014

