=LDR  01568nab a2200445 i 4500
=001  b0000003043927
=005  20200501071414.8
=008  140107s2012\\\\pl\\\\\\\\\\\|000\0\pol\\
=009  991022473409705066
=015  \\$aBZCz 2014/01/188
=035  \\$a(EXLNZ-48OMNIS_NETWORK)9910163126605606
=035  \\$a(OCoLC)899898071
=035  \\$a(PL)b0000003043927
=035  \\$a(PL-WaBN)b30439279-48omnis_nlop
=035  \\$a991022473409705066
=035  \\$ab30439279
=040  \\$aWA N$cWA N
=080  \\$a050+070(045/046)
=100  1\$aHoffmann, Krzysztof$d(1983- )$1http://viaf.org/viaf/161777467
=245  10$aWyimki z kronik zagrożonych gatunków /$cKrzysztof Hoffmann.
=260  \\$c2012.
=336  \\$aTekst$btxt$2rdacontent
=337  \\$aBez urządzenia pośredniczącego$bn$2rdamedia
=338  \\$aWolumin$bnc$2rdacarrier
=380  \\$aArtykuły
=648  \7$a2001-$2DBN
=655  \7$aCzasopisma społeczno-kulturalne polskie$xhistoria$y21 w.$2DBN
=773  0\$iW:$tCzas Kultury : kultura, literatura, filozofia.$x0867-2148.$gR. 28, [nr] 6 (2012), s. 137-141$sCzas Kultury
=902  \\$a170217$c140107$dm$eb$fb$g0
=909  \\$ab0000030439279
=915  \\$aBZCz 2014/01/188
=916  \\$aHoffmann, Krzysztof   (1983- )
=931  \\$a050+070(045/046)
=955  \7$aCzasopisma społeczno-kulturalne polskie$xhistoria$y21 w.$2DBN
=980  \\$aArtykuły
=995  \\$aPolska Bibliografia Literacka$bPBL 2004-2020: czasopisma
=996  \\$a.b30439279$9local
=998  \\$ao$av$9local
=999  \\$aDBNd$bjka
=999  \\$abzcz$bmw$cmw$x01$y2014

