=LDR  02134nab a2200541 i 4500
=001  b0000003043928
=005  20201022130035.1
=008  140107s2013\\\\pl\\\\\\\\\\\|000\0\pol\\
=009  991022473459705066
=015  \\$aBZCz 2014/01/818
=035  \\$a(EXLNZ-48OMNIS_NETWORK)9910032445005606
=035  \\$a(OCoLC)899898100
=035  \\$a(PL)b0000003043928
=035  \\$a(PL-WaBN)b30439280-48omnis_nlop
=035  \\$a991022473459705066
=035  \\$ab30439280
=040  \\$aWA N$cWA N
=041  0\$apol$beng
=080  \\$a316(045/046)
=080  \\$a791(045/046)
=100  1\$aObremski, Krzysztof$d(1953- )$1http://viaf.org/viaf/2530797
=245  10$aCzterdziestolatek między miastem a wsią :$bdemitologizacja mitu wiejskiej szczęśliwości /$cKrzysztof Obremski.
=260  \\$c2013.
=336  \\$aTekst$btxt$2rdacontent
=337  \\$aBez urządzenia pośredniczącego$bn$2rdamedia
=338  \\$aWolumin$bnc$2rdacarrier
=380  \\$aArtykuły
=546  \\$aStreszcz. ang.
=630  07$aCzterdziestolatek (serial filmowy)$2DBN
=650  \7$aMiasta$xsocjologia$zPolska$yod 1944 r.$2DBN
=650  \7$aWsie$xsocjologia$zPolska$yod 1944 r.$2DBN
=650  \7$aŚwiadomość społeczna$zPolska$yod 1944 r.$2DBN
=655  \7$aSerial filmowy polski$xtematyka$2DBN
=773  0\$iW:$tLiteratura Ludowa : dwumiesięcznik naukowo-literacki.$x0024-4708.$gR. 57, nr 1 (2013), s. 3-9$sLiteratura Ludowa
=902  \\$a171103$c140107$dm$eb$fb$g0
=909  \\$ab0000030439280
=915  \\$aBZCz 2014/01/818
=916  \\$aObremski, Krzysztof   (1953- )
=930  07$aCzterdziestolatek (serial filmowy)$2DBN
=931  \\$a316(045/046)
=931  \\$a791(045/046)
=950  \\$uhttps://eu.alma.exlibrisgroup.com/view/uresolver/48OMNIS_NLOP/openurl?u.ignore_date_coverage=true&portfolio_pid=53665324180005066&Force_direct=true$zZobacz w Polonie$853665324180005066
=955  \7$aSerial filmowy polski$xtematyka$2DBN
=980  \\$aArtykuły
=995  \\$aPolska Bibliografia Literacka$bPBL 2004-2020: czasopisma
=996  \\$a.b30439280$9local
=998  \\$ao$av$9local
=999  \\$abzcz$bpg$x01$y2014$amerk

