=LDR  02451nab a2200601 i 4500
=001  b0000003043932
=005  20201022130345.9
=008  140107s2013\\\\pl\\\\\\\\\\\|000\0\pol\\
=009  991022473629705066
=015  \\$aBZCz 2014/01/3366
=035  \\$a(EXLNZ-48OMNIS_NETWORK)9910224970005606
=035  \\$a(OCoLC)899898114
=035  \\$a(PL)b0000003043932
=035  \\$a(PL-WaBN)b30439322-48omnis_nlop
=035  \\$a991022473629705066
=035  \\$ab30439322
=040  \\$aWA N$cWA N
=041  0\$apol$beng
=080  \\$a82(091)+82.0(045/046)
=080  \\$a821.162.1(091)(045/046)
=100  1\$aBrzostek, Dariusz$d(1973- )$1http://viaf.org/viaf/78532526
=245  10$aMury azylu, ramy dyskursu /$cDariusz Brzostek.
=260  \\$c2013.
=336  \\$aTekst$btxt$2rdacontent
=337  \\$aBez urządzenia pośredniczącego$bn$2rdamedia
=338  \\$aWolumin$bnc$2rdacarrier
=380  \\$iMajor genre$aLiterature$leng
=380  \\$aArtykuły
=381  \\$iMajor genre$aFiction$leng
=546  \\$aStreszcz. ang.
=600  17$aPoe, Edgar Allan$d(1809-1849)$2DBN$1http://viaf.org/viaf/60351476
=600  17$aPotocki, Jan$d(1761-1815)$tManuscrit trouvé à Saragosse$2DBN$1http://viaf.org/viaf/12313908
=600  17$aSztyrmer, Ludwik$d(1809-1886)$2DBN$1http://viaf.org/viaf/13109238
=648  \7$a1801-1900$2DBN
=650  \7$aPsychozy$xw literaturze amerykańskiej.$2DBN
=650  \7$aPsychozy$xw literaturze polskiej.$2DBN
=655  \7$aOpowiadanie amerykańskie$xtematyka$y19 w.$2DBN
=655  \7$aPowieść polska$xtematyka$y19 w.$2DBN
=773  0\$iW:$tLiteratura Ludowa : dwumiesięcznik naukowo-literacki.$x0024-4708.$gR. 57, nr 1 (2013), s. 41-48$sLiteratura Ludowa
=902  \\$a170217$c140107$dm$eb$fb$g0
=909  \\$ab0000030439322
=915  \\$aBZCz 2014/01/3366
=916  \\$aBrzostek, Dariusz   (1973- )
=931  \\$a82(091)+82.0(045/046)
=931  \\$a821.162.1(091)(045/046)
=950  \\$uhttps://eu.alma.exlibrisgroup.com/view/uresolver/48OMNIS_NLOP/openurl?u.ignore_date_coverage=true&portfolio_pid=53665325440005066&Force_direct=true$zZobacz w Polonie$853665325440005066
=955  \7$aOpowiadanie amerykańskie$xtematyka$y19 w.$2DBN
=955  \7$aPowieść polska$xtematyka$y19 w.$2DBN
=980  \\$aArtykuły
=995  \\$aPolska Bibliografia Literacka$bPBL 2004-2020: czasopisma
=996  \\$a.b30439322$9local
=998  \\$ao$av$9local
=999  \\$abzcz$bpg$x01$y2014$amerk

