=LDR  02170nab a2200565 i 4500
=001  b0000003043942
=005  20201022130248.3
=008  140107s2012\\\\pl\\\\\\\\\\\|100\0bpol\\
=009  991022474039705066
=015  \\$aBZCz 2014/01/359
=035  \\$a(EXLNZ-48OMNIS_NETWORK)9910337152505606
=035  \\$a(OCoLC)899898021
=035  \\$a(PL)b0000003043942
=035  \\$a(PL-WaBN)b30439425-48omnis_nlop
=035  \\$a991022474039705066
=035  \\$ab30439425
=040  \\$aWA N$cWA N
=080  \\$a2(045/046)
=080  \\$a929(045/046)
=100  1\$aPartyka, Joanna$d(1957- )$1http://viaf.org/viaf/49472918
=245  10$aRebecca Polona :$brarissimum eruditarum foeminarum exemplum /$cJoanna Partyka.
=260  \\$c2012.
=336  \\$aTekst$btxt$2rdacontent
=337  \\$aBez urządzenia pośredniczącego$bn$2rdamedia
=338  \\$aWolumin$bnc$2rdacarrier
=380  \\$iMajor genre$aLiterature$leng
=380  \\$aArtykuły
=381  \\$iMajor genre$aOther$leng
=520  8\$aMateriały z sesji naukowej "Mężne niewiasty. Historie i paradoksy", Warszawa.
=600  17$aTiktiner, Rivkah bat Meir$d(?-1605)$2DBN
=648  \7$a1501-1600$2DBN
=648  \7$a1601-1700$2DBN
=650  \7$aKobieta$xŻydzi$y16-17 w.$2DBN
=655  \7$aBiografia$2DBN
=655  \7$aLiteratura rabiniczna$xhistoria$y16-17 w.$2DBN
=773  0\$iW:$tKwartalnik Historii Nauki i Techniki.$x0023-589X.$gR. 57, nr 3/4 (2012), s. 137-144$sKwartalnik Historii Nauki i Techniki
=902  \\$a170217$c140107$dm$eb$fb$g0
=909  \\$ab0000030439425
=915  \\$aBZCz 2014/01/359
=916  \\$aPartyka, Joanna   (1957- )
=931  \\$a2(045/046)
=931  \\$a929(045/046)
=950  \\$uhttps://eu.alma.exlibrisgroup.com/view/uresolver/48OMNIS_NLOP/openurl?u.ignore_date_coverage=true&portfolio_pid=53665325080005066&Force_direct=true$zZobacz w Polonie$853665325080005066
=955  \7$aBiografia$2DBN
=955  \7$aLiteratura rabiniczna$xhistoria$y16-17 w.$2DBN
=980  \\$aArtykuły
=995  \\$aPolska Bibliografia Literacka$bPBL 2004-2020: czasopisma
=996  \\$a.b30439425$9local
=998  \\$ao$av$9local
=999  \\$abzcz$bws$cws$x01$y2014$amerk

