=LDR  02474nab a2200673 i 4500
=001  b0000003043943
=005  20210317075218.1
=008  140107s2013\\\\pl\\\\\\\\\\\|000\0\pol\\
=009  991022474059705066
=015  \\$aBZCz 2014/01/184
=035  \\$a(EXLNZ-48OMNIS_NETWORK)9910382599405606
=035  \\$a(OCoLC)899898112
=035  \\$a(PL)b0000003043943
=035  \\$a(PL-WaBN)b30439437-48omnis_nlop
=035  \\$a991022474059705066
=035  \\$ab30439437
=040  \\$aWA N$cWA N$dWA N
=041  0\$apol$beng
=080  \\$a050+070(045/046)
=080  \\$a80/81(045/046)
=100  1\$aGraczykowska, Tamara
=245  10$aRusycyzmy leksykalne w kowieńskim tygodniku "Chata Rodzinna" (1922-1940) /$cTamara Graczykowska.
=260  \\$c2013.
=336  \\$aTekst$btxt$2rdacontent
=337  \\$aBez urządzenia pośredniczącego$bn$2rdamedia
=338  \\$aWolumin$bnc$2rdacarrier
=380  \\$iMajor genre$aLiterature$leng
=380  \\$aArtykuły
=381  \\$iMajor genre$aOther$leng
=546  \\$aStreszcz. ang.
=630  07$aChata Rodzinna (czasop.)$2DBN
=648  \7$a1901-2000$2DBN
=648  \7$a1914-1918$2DBN
=648  \7$a1918-1939$2DBN
=648  \7$a1939-1945$2DBN
=650  \7$aJęzyk polski$2DBN
=650  \7$aJęzyk rosyjski$2DBN
=650  \7$aMediolingwistyka$2DBN
=650  \7$aZapożyczenia językowe$2DBN
=655  \7$aCzasopisma polonijne$xhistoria$zLitwa$y1918-1939 r.$2DBN
=655  \7$aPublicystyka polska$xstylistyka$y1918-1939 r.$2DBN
=658  \\$aJęzykoznawstwo
=773  0\$iW:$tPoradnik Językowy (Kraków ; 1919).$x0551-5343.$g2013, z. 3. s. 53-63$sPoradnik Językowy (1919)
=902  \\$a170217$c140107$dm$eb$fb$g0
=909  \\$ab0000030439437
=915  \\$aBZCz 2014/01/184
=916  \\$aGraczykowska, Tamara
=930  07$aChata Rodzinna (czasop.)$2DBN
=931  \\$a050+070(045/046)
=931  \\$a80/81(045/046)
=950  \\$uhttps://eu.alma.exlibrisgroup.com/view/uresolver/48OMNIS_NLOP/openurl?u.ignore_date_coverage=true&portfolio_pid=53665324090005066&Force_direct=true$zZobacz w Polonie$853665324090005066
=955  \7$aCzasopisma polonijne$xhistoria$zLitwa$y1918-1939 r.$2DBN
=955  \7$aPublicystyka polska$xstylistyka$y1918-1939 r.$2DBN
=958  \\$aJęzykoznawstwo
=980  \\$aArtykuły
=995  \\$aPolska Bibliografia Literacka$bPBL 2004-2020: czasopisma
=996  \\$a.b30439437$9local
=998  \\$ao$av$9local
=999  \\$abzcz$bjds$cjds$x01$y2014$amerk

