=LDR  01885nab a2200529 i 4500
=001  b0000003044013
=005  20210430055757.8
=008  140107s2012\\\\pl\\\\\\\\\\\|000\0\pol\\
=009  991022476679705066
=015  \\$aBZCz 2014/01/3502
=035  \\$a(EXLNZ-48OMNIS_NETWORK)9910503339705606
=035  \\$a(OCoLC)899898293
=035  \\$a(PL)b0000003044013
=035  \\$a(PL-WaBN)b30440130-48omnis_nlop
=035  \\$a991022476679705066
=035  \\$ab30440130
=040  \\$aWA N$cWA N
=080  \\$a316(045/046)
=080  \\$a821.162.1(091)(045/046)
=100  1\$aRymkiewicz, Jarosław Marek$d(1935-2022)$1http://viaf.org/viaf/93398803
=245  10$aNo i co wy na to, Polacy? /$cJarosław Marek Rymkiewicz ; rozm. przepr. Andrzej Nowak.
=260  \\$c2012.
=336  \\$aTekst$btxt$2rdacontent
=337  \\$aBez urządzenia pośredniczącego$bn$2rdamedia
=338  \\$aWolumin$bnc$2rdacarrier
=380  \\$iMajor genre$aLiterature$leng
=380  \\$aArtykuły
=381  \\$iMajor genre$aOther$leng
=650  \7$aTożsamość narodowa$zPolska$2DBN
=655  \7$aLiteratura polska$xhistoria$2DBN
=655  \7$aWywiad dziennikarski$2DBN
=700  1\$aNowak, Andrzej$d(1960- )$1http://viaf.org/viaf/70141502
=773  0\$iW:$tArcana : kultura, historia, polityka.$x1233-6882.$g2012, nr 6, s. 7-17$sArcana (Kraków)
=902  \\$a170217$c140107$dm$eb$fb$g0
=909  \\$ab0000030440130
=915  \\$aBZCz 2014/01/3502
=916  \\$aRymkiewicz, Jarosław Marek   (1935- )
=918  1\$aNowak, Andrzej$d(1960- )
=931  \\$a316(045/046)
=931  \\$a821.162.1(091)(045/046)
=955  \7$aLiteratura polska$xhistoria$2DBN
=955  \7$aWywiad dziennikarski$2DBN
=980  \\$aArtykuły
=995  \\$aPolska Bibliografia Literacka$bPBL 2004-2020: czasopisma
=996  \\$a.b30440130$9local
=998  \\$ao$av$9local
=999  \\$abzcz$bmk$x01$y2014

