=LDR  01575nab a2200469 i 4500
=001  b0000003044034
=005  20200502060009.3
=008  140107s2012\\\\pl\\\\\\\\\\\|000\1\pol\\
=009  991022477519705066
=015  \\$aBZCz 2014/01/3655
=035  \\$a(EXLNZ-48OMNIS_NETWORK)9910200028105606
=035  \\$a(OCoLC)899898423
=035  \\$a(PL)b0000003044034
=035  \\$a(PL-WaBN)b30440348-48omnis_nlop
=035  \\$a991022477519705066
=035  \\$ab30440348
=040  \\$aWA N$cWA N
=080  \\$a821.162.1-1/-9(045/046)
=100  1\$aKoehler, Krzysztof$d(1963- )$1http://viaf.org/viaf/73796029
=245  10$aZejdź do rzeki :$b(z poematu "Wisła") /$cKrzysztof Koehler.
=260  \\$c2012.
=336  \\$aTekst$btxt$2rdacontent
=337  \\$aBez urządzenia pośredniczącego$bn$2rdamedia
=338  \\$aWolumin$bnc$2rdacarrier
=380  \\$iMajor genre$aLiterature$leng
=380  \\$aArtykuły
=381  \\$iMajor genre$aLyrical poetry$leng
=388  1\$a2001-
=655  \7$aPoezja polska$y21 w.$2DBN
=773  0\$iW:$tArcana : kultura, historia, polityka.$x1233-6882.$g2012, nr 6, s. 36-42$sArcana (Kraków)
=902  \\$a170217$c140107$dm$eb$fb$g0
=909  \\$ab0000030440348
=915  \\$aBZCz 2014/01/3655
=916  \\$aKoehler, Krzysztof   (1963- )
=931  \\$a821.162.1-1/-9(045/046)
=955  \7$aPoezja polska$y21 w.$2DBN
=980  \\$aArtykuły
=995  \\$aPolska Bibliografia Literacka$bPBL 2004-2020: czasopisma
=996  \\$a.b30440348$9local
=998  \\$ao$av$9local
=999  \\$aDBNd$bjka
=999  \\$abzcz$bmk$x01$y2014

