=LDR  01565nab a2200469 i 4500
=001  b0000003044068
=005  20200502060036.2
=008  140107s2012\\\\pl\\\\\\\\\\\|000\1\pol\\
=009  991022478769705066
=015  \\$aBZCz 2014/01/3612
=035  \\$a(EXLNZ-48OMNIS_NETWORK)9910129510005606
=035  \\$a(OCoLC)899898544
=035  \\$a(PL)b0000003044068
=035  \\$a(PL-WaBN)b30440683-48omnis_nlop
=035  \\$a991022478769705066
=035  \\$ab30440683
=040  \\$aWA N$cWA N
=080  \\$a821.162.1-1/-9(045/046)
=100  1\$aChłap-Nowakowa, Justyna$d(1965- )$1http://viaf.org/viaf/102060736
=245  10$aWysłuchaj nas /$cJustyna Chłap-Nowakowa.
=260  \\$c2012.
=336  \\$aTekst$btxt$2rdacontent
=337  \\$aBez urządzenia pośredniczącego$bn$2rdamedia
=338  \\$aWolumin$bnc$2rdacarrier
=380  \\$iMajor genre$aLiterature$leng
=380  \\$aArtykuły
=381  \\$iMajor genre$aLyrical poetry$leng
=388  1\$a2001-
=655  \7$aPoezja polska$y21 w.$2DBN
=773  0\$iW:$tArcana : kultura, historia, polityka.$x1233-6882.$g2012, nr 6, s. 73$sArcana (Kraków)
=902  \\$a170217$c140107$dm$eb$fb$g0
=909  \\$ab0000030440683
=915  \\$aBZCz 2014/01/3612
=916  \\$aChłap-Nowakowa, Justyna   (1965- )
=931  \\$a821.162.1-1/-9(045/046)
=955  \7$aPoezja polska$y21 w.$2DBN
=980  \\$aArtykuły
=995  \\$aPolska Bibliografia Literacka$bPBL 2004-2020: czasopisma
=996  \\$a.b30440683$9local
=998  \\$ao$av$9local
=999  \\$aDBNd$bjka
=999  \\$abzcz$bmk$x01$y2014

