=LDR  01706nab a2200469 i 4500
=001  b0000003044074
=005  20200502060023.8
=008  140107s2013\\\\pl\\\\\\\\\\\|000\0\pol\\
=009  991022478969705066
=015  \\$aBZCz 2014/01/3777
=035  \\$a(EXLNZ-48OMNIS_NETWORK)9910299293705606
=035  \\$a(OCoLC)899898440
=035  \\$a(PL)b0000003044074
=035  \\$a(PL-WaBN)b30440749-48omnis_nlop
=035  \\$a991022478969705066
=035  \\$ab30440749
=040  \\$aWA N$cWA N
=080  \\$a82(091)+82.0(045/046)
=100  1\$aBędkowski, Mateusz$d(1987- )
=245  10$aPolak w kongijskim piekle :$bjak powstało "Jądro ciemności" Josepha Conrada /$cMateusz Będkowski.
=260  \\$c2013.
=336  \\$aTekst$btxt$2rdacontent
=337  \\$aBez urządzenia pośredniczącego$bn$2rdamedia
=338  \\$aWolumin$bnc$2rdacarrier
=380  \\$iMajor genre$aLiterature$leng
=380  \\$aArtykuły
=381  \\$iMajor genre$aFiction$leng
=600  17$aconrad, Joseph$d(1857-1924)$tHeart of darkness$2DBN$1http://viaf.org/viaf/73862853
=648  \7$a1801-1900$2DBN
=655  \7$aOpowiadanie angielskie$xhistoria$y19 w.$2DBN
=773  0\$iW:$tMówią Wieki : magazyn historyczny.$x1230-4018.$g2013, nr 10, s. 31-33$sMówią Wieki (1992)
=902  \\$a170217$c140107$dm$eb$fb$g0
=909  \\$ab0000030440749
=915  \\$aBZCz 2014/01/3777
=916  \\$aBędkowski, Mateusz   (1987- )
=931  \\$a82(091)+82.0(045/046)
=955  \7$aOpowiadanie angielskie$xhistoria$y19 w.$2DBN
=980  \\$aArtykuły
=995  \\$aPolska Bibliografia Literacka$bPBL 2004-2020: czasopisma
=996  \\$a.b30440749$9local
=998  \\$ao$av$9local
=999  \\$abzcz$bkw$x01$y2014

