=LDR  01701nab a2200481 i 4500
=001  b0000003044099
=005  20200502060035.3
=008  140107s2012\\\\pl\\\\\\\\\\\|000\0bpol\\
=009  991022479979705066
=015  \\$aBZCz 2014/01/3474
=035  \\$a(EXLNZ-48OMNIS_NETWORK)9910524014605606
=035  \\$a(OCoLC)899898623
=035  \\$a(PL)b0000003044099
=035  \\$a(PL-WaBN)b30440993-48omnis_nlop
=035  \\$a991022479979705066
=035  \\$ab30440993
=040  \\$aWA N$cWA N
=080  \\$a821.162.1(091)(045/046)
=100  1\$aNowosielski, Kazimierz$d(1948- )$1http://viaf.org/viaf/101768258
=245  10$aPanisko :$b(Jarosław Iwaszkiewicz na kartach swoich "Dzienników") /$cKazimierz Nowosielski.
=260  \\$c2012.
=336  \\$aTekst$btxt$2rdacontent
=337  \\$aBez urządzenia pośredniczącego$bn$2rdamedia
=338  \\$aWolumin$bnc$2rdacarrier
=380  \\$iMajor genre$aLiterature$leng
=380  \\$aArtykuły
=381  \\$iMajor genre$aOther$leng
=600  17$aIwaszkiewicz, Jarosław$d(1894-1980)$2DBN$1http://viaf.org/viaf/108670592
=648  \7$a1901-2000$2DBN
=650  \7$aPisarze polscy$y20 w.$2DBN
=655  \7$aBiografia$2DBN
=773  0\$iW:$tArcana : kultura, historia, polityka.$x1233-6882.$g2012, nr 6, s. 92-98$sArcana (Kraków)
=902  \\$a170717$c140107$dm$eb$fb$g0
=909  \\$ab0000030440993
=915  \\$aBZCz 2014/01/3474
=916  \\$aNowosielski, Kazimierz   (1948- )
=931  \\$a821.162.1(091)(045/046)
=955  \7$aBiografia$2DBN
=980  \\$aArtykuły
=995  \\$aPolska Bibliografia Literacka$bPBL 2004-2020: czasopisma
=996  \\$a.b30440993$9local
=998  \\$ao$av$9local
=999  \\$abzcz$bmk$x01$y2014

