=LDR  01696nab a2200517 i 4500
=001  b0000003044109
=005  20200502060131.9
=008  140107s2012\\\\pl\\\\\\\\\\\|000\1\pol\\
=009  991022480369705066
=015  \\$aBZCz 2014/01/3596
=035  \\$a(EXLNZ-48OMNIS_NETWORK)9910408930805606
=035  \\$a(OCoLC)899898662
=035  \\$a(PL)b0000003044109
=035  \\$a(PL-WaBN)b30441092-48omnis_nlop
=035  \\$a991022480369705066
=035  \\$ab30441092
=040  \\$aWA N$cWA N
=041  1\$apol$heng
=080  \\$a82(091)+82.0(045/046)
=080  \\$a82-1/-9(045/046)
=245  00$aŻeglarz /$coprac. Monika Opalińska.
=260  \\$c2012.
=336  \\$aTekst$btxt$2rdacontent
=337  \\$aBez urządzenia pośredniczącego$bn$2rdamedia
=338  \\$aWolumin$bnc$2rdacarrier
=380  \\$iMajor genre$aLiterature$leng
=380  \\$aArtykuły
=381  \\$iMajor genre$aLyrical poetry$leng
=648  \7$a901-1000$2DBN
=655  \7$aPoezja angielska$xhistoria$y10 w.$2DBN
=655  \7$aPoezja angielska$y10 w.$2DBN
=700  1\$aOpalińska, Monika$eOprac.
=773  0\$iW:$tArcana : kultura, historia, polityka.$x1233-6882.$g2012, nr 6, s. 99-104$sArcana (Kraków)
=902  \\$a170217$c140107$dm$eb$fb$g0
=909  \\$ab0000030441092
=915  \\$aBZCz 2014/01/3596
=918  1\$aOpalińska, Monika
=931  \\$a82(091)+82.0(045/046)
=931  \\$a82-1/-9(045/046)
=955  \7$aPoezja angielska$xhistoria$y10 w.$2DBN
=955  \7$aPoezja angielska$y10 w.$2DBN
=980  \\$aArtykuły
=995  \\$aPolska Bibliografia Literacka$bPBL 2004-2020: czasopisma
=996  \\$a.b30441092$9local
=998  \\$ao$av$9local
=999  \\$abzcz$bmk$x01$y2014

