=LDR  01965nab a2200505 i 4500
=001  b0000003044123
=005  20201022130141.3
=008  140107s2012\\\\pl\\\\\\\\\\\|100\0\pol\\
=009  991022480949705066
=015  \\$aBZCz 2014/01/3536
=035  \\$a(EXLNZ-48OMNIS_NETWORK)9910423066105606
=035  \\$a(OCoLC)899898701
=035  \\$a(PL)b0000003044123
=035  \\$a(PL-WaBN)b30441237-48omnis_nlop
=035  \\$a991022480949705066
=035  \\$ab30441237
=040  \\$aWA N$cWA N
=080  \\$a821.162.1(091)(045/046)
=100  1\$aTrębska, Małgorzata
=245  10$aOrator w podwice :$bo staropolskich przemowach kobiet /$cMałgorzata Trębska.
=260  \\$c2012.
=336  \\$aTekst$btxt$2rdacontent
=337  \\$aBez urządzenia pośredniczącego$bn$2rdamedia
=338  \\$aWolumin$bnc$2rdacarrier
=380  \\$iMajor genre$aLiterature$leng
=380  \\$aArtykuły
=381  \\$iMajor genre$aOther$leng
=520  8\$aMateriały z sesji naukowej "Mężne niewiasty. Historie i paradoksy", Warszawa.
=648  \7$a1601-1700$2DBN
=648  \7$a1701-1800$2DBN
=650  \7$aKobieta$zPolska$y17-18 w.$2DBN
=655  \7$aMowy polskie$xhistoria$y17-18 w.$2DBN
=773  0\$iW:$tKwartalnik Historii Nauki i Techniki.$x0023-589X.$gR. 57, nr 3/4 (2012), s. 145-153$sKwartalnik Historii Nauki i Techniki
=902  \\$a170217$c140107$dm$eb$fb$g0
=909  \\$ab0000030441237
=915  \\$aBZCz 2014/01/3536
=916  \\$aTrębska, Małgorzata
=931  \\$a821.162.1(091)(045/046)
=950  \\$uhttps://eu.alma.exlibrisgroup.com/view/uresolver/48OMNIS_NLOP/openurl?u.ignore_date_coverage=true&portfolio_pid=53660373900005066&Force_direct=true$zZobacz w Polonie$853660373900005066
=955  \7$aMowy polskie$xhistoria$y17-18 w.$2DBN
=980  \\$aArtykuły
=995  \\$aPolska Bibliografia Literacka$bPBL 2004-2020: czasopisma
=996  \\$a.b30441237$9local
=998  \\$ao$av$9local
=999  \\$abzcz$bws$cws$x01$y2014$amerk

