=LDR  01876nab a2200517 i 4500
=001  b0000003044141
=005  20200502060023.0
=008  140107s2012\\\\pl\\\\\\\\\\\|000\1\pol\\
=009  991022481649705066
=015  \\$aBZCz 2014/01/3766
=035  \\$a(EXLNZ-48OMNIS_NETWORK)9910477086705606
=035  \\$a(OCoLC)899898670
=035  \\$a(PL)b0000003044141
=035  \\$a(PL-WaBN)b30441419-48omnis_nlop
=035  \\$a991022481649705066
=035  \\$ab30441419
=040  \\$aWA N$cWA N
=080  \\$a821.162.1-1/-9(045/046)
=100  1\$aŻyszkiewicz, Waldemar$d(1947- )$1http://viaf.org/viaf/101795766
=245  10$aWiersze /$cWaldemar Żyszkiewicz.
=260  \\$c2012.
=336  \\$aTekst$btxt$2rdacontent
=337  \\$aBez urządzenia pośredniczącego$bn$2rdamedia
=338  \\$aWolumin$bnc$2rdacarrier
=380  \\$iMajor genre$aLiterature$leng
=380  \\$aArtykuły
=381  \\$iMajor genre$aLyrical poetry$leng
=388  1\$a2001-
=505  0\$aHabent sua fata... ; Mama leci do Ameryki.
=655  \7$aPoezja polska$y21 w.$2DBN
=700  12$aŻyszkiewicz, Waldemar$d(1947- )$tHabent sua fata...$1http://viaf.org/viaf/101795766
=700  12$aŻyszkiewicz, Waldemar$d(1947- )$tMama leci do Ameryki$1http://viaf.org/viaf/101795766
=773  0\$iW:$tArcana : kultura, historia, polityka.$x1233-6882.$g2012, nr 6, s. 158-160$sArcana (Kraków)
=902  \\$a170217$c140107$dm$eb$fb$g0
=909  \\$ab0000030441419
=915  \\$aBZCz 2014/01/3766
=916  \\$aŻyszkiewicz, Waldemar   (1947- )
=918  12$aŻyszkiewicz, Waldemar$d(1947- ).
=931  \\$a821.162.1-1/-9(045/046)
=955  \7$aPoezja polska$y21 w.$2DBN
=980  \\$aArtykuły
=995  \\$aPolska Bibliografia Literacka$bPBL 2004-2020: czasopisma
=996  \\$a.b30441419$9local
=998  \\$ao$av$9local
=999  \\$aDBNd$bjka
=999  \\$abzcz$bmk$x01$y2014

