=LDR  01574nab a2200469 i 4500
=001  b0000003044142
=005  20200502060059.8
=008  140107s2012\\\\pl\\\\\\\\\\\|000\1\pol\\
=009  991022481689705066
=015  \\$aBZCz 2014/01/3617
=035  \\$a(EXLNZ-48OMNIS_NETWORK)9910055958705606
=035  \\$a(OCoLC)899898671
=035  \\$a(PL)b0000003044142
=035  \\$a(PL-WaBN)b30441420-48omnis_nlop
=035  \\$a991022481689705066
=035  \\$ab30441420
=040  \\$aWA N$cWA N
=080  \\$a821.162.1-1/-9(045/046)
=100  1\$aCzarnecki, Ryszard$d(1963- )$1http://viaf.org/viaf/163997040
=245  10$aKrólik Aliny :$b(opowiadanie) /$cRyszard Czarnecki.
=260  \\$c2012.
=336  \\$aTekst$btxt$2rdacontent
=337  \\$aBez urządzenia pośredniczącego$bn$2rdamedia
=338  \\$aWolumin$bnc$2rdacarrier
=380  \\$iMajor genre$aLiterature$leng
=380  \\$aArtykuły
=381  \\$iMajor genre$aFiction$leng
=388  1\$a2001-
=655  \7$aOpowiadanie polskie$y21 w.$2DBN
=773  0\$iW:$tArcana : kultura, historia, polityka.$x1233-6882.$g2012, nr 6, s. 161-165$sArcana (Kraków)
=902  \\$a170217$c140107$dm$eb$fb$g0
=909  \\$ab0000030441420
=915  \\$aBZCz 2014/01/3617
=916  \\$aCzarnecki, Ryszard   (1963- )
=931  \\$a821.162.1-1/-9(045/046)
=955  \7$aOpowiadanie polskie$y21 w.$2DBN
=980  \\$aArtykuły
=995  \\$aPolska Bibliografia Literacka$bPBL 2004-2020: czasopisma
=996  \\$a.b30441420$9local
=998  \\$ao$av$9local
=999  \\$aDBNd$bjka
=999  \\$abzcz$bmk$x01$y2014

