=LDR  02497nab a2200601 i 4500
=001  b0000003044148
=005  20201022130114.8
=008  140107s2012\\\\pl\\\\\\\\\\\|100\0\pol\\
=009  991022481909705066
=015  \\$aBZCz 2014/01/3545
=035  \\$a(EXLNZ-48OMNIS_NETWORK)9910478468005606
=035  \\$a(OCoLC)899898280
=035  \\$a(PL)b0000003044148
=035  \\$a(PL-WaBN)b30441481-48omnis_nlop
=035  \\$a991022481909705066
=035  \\$ab30441481
=040  \\$aWA N$cWA N
=080  \\$a64(045/046)
=080  \\$a821.162.1(091)(045/046)
=100  1\$aWięcek, Ewelina$c(archeolog)
=245  10$a"Pamiątka po dobrej matce" i dziewiętnastowieczne poradniki gospodarskie dla kobiet /$cEwelina Więcek.
=260  \\$c2012.
=336  \\$aTekst$btxt$2rdacontent
=337  \\$aBez urządzenia pośredniczącego$bn$2rdamedia
=338  \\$aWolumin$bnc$2rdacarrier
=380  \\$iMajor genre$aLiterature$leng
=380  \\$aArtykuły
=381  \\$iMajor genre$aOther$leng
=381  \\$iMajor genre$aFiction$leng
=504  \\$aBibliogr.
=520  8\$aMateriały z sesji naukowej "Mężne niewiasty. Historie i paradoksy", Warszawa.
=600  17$aHoffmanowa, Klementyna$d(1798-1845)$2DBN$1http://viaf.org/viaf/45114544
=600  17$aNakwaska, Karolina$d(1798-1875)$2DBN$1http://viaf.org/viaf/238936946
=600  17$aĆwierczakiewiczowa, Lucyna$d(1829-1901)$2DBN$1http://viaf.org/viaf/61191319
=648  \7$a1801-1900$2DBN
=650  \7$aGospodarstwo domowe$zPolska$y19 w.$2DBN
=655  \7$aPoradniki$xhistoria$zPolska$y19 w.$2DBN
=655  \7$aPowieść polska$xhistoria$y19 w.$2DBN
=773  0\$iW:$tKwartalnik Historii Nauki i Techniki.$x0023-589X.$gR. 57, nr 3/4 (2012), s. 193-201$sKwartalnik Historii Nauki i Techniki
=902  \\$a180309$c140107$dm$eb$fb$g0
=909  \\$ab0000030441481
=915  \\$aBZCz 2014/01/3545
=916  \\$aWięcek, Ewelina  (archeolog)
=931  \\$a64(045/046)
=931  \\$a821.162.1(091)(045/046)
=950  \\$uhttps://eu.alma.exlibrisgroup.com/view/uresolver/48OMNIS_NLOP/openurl?u.ignore_date_coverage=true&portfolio_pid=53660373690005066&Force_direct=true$zZobacz w Polonie$853660373690005066
=955  \7$aPoradniki$xhistoria$zPolska$y19 w.$2DBN
=955  \7$aPowieść polska$xhistoria$y19 w.$2DBN
=980  \\$aArtykuły
=995  \\$aPolska Bibliografia Literacka$bPBL 2004-2020: czasopisma
=996  \\$a.b30441481$9local
=998  \\$ao$av$9local
=999  \\$abzcz$bws$cws$x01$y2014$amerk

