=LDR  01709nab a2200517 i 4500
=001  b0000003044160
=005  20210611074025.7
=008  140107s2012\\\\pl\\\\\\\\\\\|000\0\pol\\
=009  991022482369705066
=015  \\$aBZCz 2014/01/3955
=035  \\$a(EXLNZ-48OMNIS_NETWORK)9910233102005606
=035  \\$a(OCoLC)899898131
=035  \\$a(PL)b0000003044160
=035  \\$a(PL-WaBN)b30441602-48omnis_nlop
=035  \\$a991022482369705066
=035  \\$ab30441602
=040  \\$aWA N$cWA N
=080  \\$a008(045/046)
=080  \\$a316(045/046)
=080  \\$a94(438)(045/046)
=100  1\$aPorębski, Mieczysław$d(1921-2012)$1http://viaf.org/viaf/118048919
=245  10$aPolskość jako sytuacja /$cMieczysław Porębski.
=260  \\$c2012.
=336  \\$aTekst$btxt$2rdacontent
=337  \\$aBez urządzenia pośredniczącego$bn$2rdamedia
=338  \\$aWolumin$bnc$2rdacarrier
=380  \\$aArtykuły
=520  8\$aPrzedruk z czasop. Znak. - 1987, nr 11/12.
=650  \7$aSarmatyzm$2DBN
=650  \7$aStereotyp (psychol., socjol.)$zPolska$2DBN
=650  \7$aTożsamość narodowa$zPolska$2DBN
=651  \7$aPolska$xkultura.$2DBN
=773  0\$iW:$tZnak (Kraków).$x0044-488X.$g2012, nr 11, s. 78-82$sZnak
=902  \\$a170217$c140107$dm$eb$fb$g0
=909  \\$ab0000030441602
=915  \\$aBZCz 2014/01/3955
=916  \\$aPorębski, Mieczysław   (1921-2012)
=931  \\$a008(045/046)
=931  \\$a316(045/046)
=931  \\$a94(438)(045/046)
=951  \7$aPolska$xkultura.$2DBN
=980  \\$aArtykuły
=995  \\$aPolska Bibliografia Literacka$bPBL 2004-2020: czasopisma
=996  \\$a.b30441602$9local
=998  \\$ao$av$9local
=999  \\$abzcz$btg$ctg$x01$y2014

