=LDR  01929nab a2200493 i 4500
=001  b0000003044190
=005  20200502060010.1
=008  140108s2012\\\\pl\\\\\\\\\\\|000\0\pol\\
=009  991022483519705066
=015  \\$aBZCz 2014/01/3468
=035  \\$a(EXLNZ-48OMNIS_NETWORK)9910306315405606
=035  \\$a(OCoLC)899898921
=035  \\$a(PL)b0000003044190
=035  \\$a(PL-WaBN)b30441900-48omnis_nlop
=035  \\$a991022483519705066
=035  \\$ab30441900
=040  \\$aWA N$cWA N
=080  \\$a821.162.1(091)(045/046)
=100  1\$aMorawiec, Elżbieta$d(1940- )$1http://viaf.org/viaf/48150151
=245  10$aWspólnoty i dziennik lektur /$cElżbieta Morawiec.
=260  \\$c2012.
=336  \\$aTekst$btxt$2rdacontent
=337  \\$aBez urządzenia pośredniczącego$bn$2rdamedia
=338  \\$aWolumin$bnc$2rdacarrier
=380  \\$iMajor genre$aLiterature$leng
=380  \\$aArtykuły
=381  \\$iMajor genre$aLyrical poetry$leng
=611  27$aMiędzynarodowe Spotkania Poetów, Muzyków i Plastyków Karpat "Wrzosowisko"$n(13 ;$d2012 ;$cPiwniczna-Zdrój)$2DBN
=648  \7$a2001-$2DBN
=651  \7$aPiwniczna-Zdrój (woj. małopolskie)$xkultura$xkonkursy i festiwale$y21 w.$2DBN
=655  \7$aPoezja$xkonkursy i festiwale$zPolska$y21 w.$2DBN
=773  0\$iW:$tArcana : kultura, historia, polityka.$x1233-6882.$g2012, nr 6, s. 211-218$sArcana (Kraków)
=902  \\$a170217$c140108$dm$eb$fb$g0
=909  \\$ab0000030441900
=915  \\$aBZCz 2014/01/3468
=916  \\$aMorawiec, Elżbieta   (1940- )
=931  \\$a821.162.1(091)(045/046)
=951  \7$aPiwniczna-Zdrój (woj. małopolskie)$xkultura$xkonkursy i festiwale$y21 w.$2DBN
=955  \7$aPoezja$xkonkursy i festiwale$zPolska$y21 w.$2DBN
=980  \\$aArtykuły
=995  \\$aPolska Bibliografia Literacka$bPBL 2004-2020: czasopisma
=996  \\$a.b30441900$9local
=998  \\$ao$av$9local
=999  \\$abzcz$bmk$x01$y2014

