=LDR  02427nab a2200625 i 4500
=001  b0000003044223
=005  20210323065903.1
=008  140108s2013\\\\pl\\\\\\\\\\\|000\0\ger\\
=009  991022484969705066
=015  \\$aBZCz 2014/01/3298
=035  \\$a(EXLNZ-48OMNIS_NETWORK)9910496724605606
=035  \\$a(OCoLC)899898979
=035  \\$a(PL)b0000003044223
=035  \\$a(PL-WaBN)b30442230-48omnis_nlop
=035  \\$a991022484969705066
=035  \\$ab30442230
=040  \\$aWA N$cWA N$dWA N
=041  0\$ager$bpol$beng
=080  \\$a74(045/046)
=080  \\$a82(091)+82.0(045/046)
=100  1\$aReinartz, Florian$d(1980- )$1http://viaf.org/viaf/160643253
=245  10$aLandschaften der Deutschen Einheit bei Günter Grass /$cFlorian Reinartz.
=260  \\$c2013.
=336  \\$aTekst$btxt$2rdacontent
=337  \\$aBez urządzenia pośredniczącego$bn$2rdamedia
=338  \\$aWolumin$bnc$2rdacarrier
=380  \\$aArtykuły
=546  \\$aStreszcz. pol., ang.
=600  17$aGrass, Günter$d(1927-2015)$2DBN$1http://viaf.org/viaf/102319859
=648  \7$a1901-2000$2DBN
=650  \7$aKrajobraz$xw literaturze niemieckiej.$2DBN
=650  \7$aLiteratura niemiecka$xtematyka$yod 1945 r.$2DBN
=650  \7$aPejzaż (szt.plast.)$xhistoria$zNiemcy$y20 w.$2DBN
=650  \7$aSztuka niemiecka$2DBN
=650  \7$aTematy i motywy$2DBN
=650  \7$aZjednoczenie Niemiec (1990)$2DBN
=650  \7$aZjednoczenie Niemiec (1990)$xw literaturze niemieckiej$2DBN
=650  \7$aGerman literature$2ELB-n
=655  \7$aRysunek niemiecki$xtematyka$yod 1945 r.$2DBN
=658  \\$aKultura i sztuka
=773  0\$iW:$tStudia Germanica Gedanensia.$x1230-6045.$gNr 28 (2013), s. 9-17$sStudia Germanica Gedanensia
=902  \\$a171127$c140108$dm$eb$fb$g0
=909  \\$ab0000030442230
=915  \\$aBZCz 2014/01/3298
=916  \\$aReinartz, Florian   (1980- )
=931  \\$a74(045/046)
=931  \\$a82(091)+82.0(045/046)
=950  \\$uhttps://eu.alma.exlibrisgroup.com/view/uresolver/48OMNIS_NLOP/openurl?u.ignore_date_coverage=true&portfolio_pid=53660309430005066&Force_direct=true$zZobacz w Polonie$853660309430005066
=955  \7$aRysunek niemiecki$xtematyka$yod 1945 r.$2DBN
=958  \\$aKultura i sztuka
=980  \\$aArtykuły
=995  \\$aPolska Bibliografia Literacka$bPBL 2004-2020: czasopisma
=996  \\$a.b30442230$9local
=998  \\$ao$av$9local
=999  \\$abzcz$bpg$x01$y2014$amerk

