=LDR  02083nab a2200517 i 4500
=001  b0000003044247
=005  20201022130036.9
=008  140108s2013\\\\pl\\\\\\\\\\\|000\0\ger\\
=009  991022485979705066
=015  \\$aBZCz 2014/01/3195
=035  \\$a(EXLNZ-48OMNIS_NETWORK)9910170193405606
=035  \\$a(OCoLC)899898886
=035  \\$a(PL)b0000003044247
=035  \\$a(PL-WaBN)b30442473-48omnis_nlop
=035  \\$a991022485979705066
=035  \\$ab30442473
=040  \\$aWA N$cWA N
=041  0\$ager$bpol$beng
=080  \\$a82(091)+82.0(045/046)
=100  1\$aBurakowska-Ogińska, Lidia$d(1979- )$1http://viaf.org/viaf/311144949
=245  10$aRealsozialismus zwischen Schein und Realität :$bpolitische Gesinnung von Günter Grass im polnischen kontext /$cLidia Burakowska-Ogińska.
=260  \\$c2013.
=336  \\$aTekst$btxt$2rdacontent
=337  \\$aBez urządzenia pośredniczącego$bn$2rdamedia
=338  \\$aWolumin$bnc$2rdacarrier
=380  \\$aArtykuły
=546  \\$aStreszcz. pol., ang.
=600  17$aGrass, Günter$d(1927-2015)$2DBN$1http://viaf.org/viaf/102319859
=648  \7$a1901-2000$2DBN
=648  \7$a1945-1989$2DBN
=650  \7$aLiteratura niemiecka$xtematyka$yod 1945 r.$2DBN
=650  \7$aSocjalizm$xkrytyka$zNiemcy$yod 1945 r.$2DBN
=650  \7$aSocjalizm$zPolska$y1944-1989 r.$2DBN
=650  \7$aGerman literature$2ELB-n
=773  0\$iW:$tStudia Germanica Gedanensia.$x1230-6045.$gNr 28 (2013), s. 31-41$sStudia Germanica Gedanensia
=902  \\$a171127$c140108$dm$eb$fb$g0
=909  \\$ab0000030442473
=915  \\$aBZCz 2014/01/3195
=916  \\$aBurakowska-Ogińska, Lidia   (1979- )
=931  \\$a82(091)+82.0(045/046)
=950  \\$uhttps://eu.alma.exlibrisgroup.com/view/uresolver/48OMNIS_NLOP/openurl?u.ignore_date_coverage=true&portfolio_pid=53660309580005066&Force_direct=true$zZobacz w Polonie$853660309580005066
=980  \\$aArtykuły
=995  \\$aPolska Bibliografia Literacka$bPBL 2004-2020: czasopisma
=996  \\$a.b30442473$9local
=998  \\$ao$av$9local
=999  \\$abzcz$bpg$x01$y2014$amerk

