=LDR  02009nab a2200529 i 4500
=001  b0000003044257
=005  20201022130120.0
=008  140108s2013\\\\pl\\\\\\\\\\\|000\0bger\\
=009  991022486439705066
=015  \\$aBZCz 2014/01/3321
=035  \\$a(EXLNZ-48OMNIS_NETWORK)9910192058305606
=035  \\$a(OCoLC)899899166
=035  \\$a(PL)b0000003044257
=035  \\$a(PL-WaBN)b30442576-48omnis_nlop
=035  \\$a991022486439705066
=035  \\$ab30442576
=040  \\$aWA N$cWA N
=041  0\$ager$bpol$beng
=080  \\$a82(091)+82.0(045/046)
=080  \\$a929(045/046)
=100  1\$aSzymborska, Daria$d(1982- )$1http://viaf.org/viaf/308290355
=245  10$aGünter Grass :$bdas Ende einer moralischen Instanz oder Das "gebrannte Kind" seiner Zeit? /$cDaria Szymborska.
=260  \\$c2013.
=336  \\$aTekst$btxt$2rdacontent
=337  \\$aBez urządzenia pośredniczącego$bn$2rdamedia
=338  \\$aWolumin$bnc$2rdacarrier
=380  \\$iMajor genre$aLiterature$leng
=380  \\$aArtykuły
=381  \\$iMajor genre$aOther$leng
=546  \\$aStreszcz. pol., ang.
=600  17$aGrass, Günter$d(1927-2015)$2DBN$1http://viaf.org/viaf/102319859
=650  \7$aPisarze niemieccy$yod 1945 r.$2DBN
=655  \7$aBiografia$2DBN
=773  0\$iW:$tStudia Germanica Gedanensia.$x1230-6045.$gNr 28 (2013), s. 43-51$sStudia Germanica Gedanensia
=902  \\$a170217$c140108$dm$eb$fb$g0
=909  \\$ab0000030442576
=915  \\$aBZCz 2014/01/3321
=916  \\$aSzymborska, Daria   (1982- )
=931  \\$a82(091)+82.0(045/046)
=931  \\$a929(045/046)
=950  \\$uhttps://eu.alma.exlibrisgroup.com/view/uresolver/48OMNIS_NLOP/openurl?u.ignore_date_coverage=true&portfolio_pid=53660309820005066&Force_direct=true$zZobacz w Polonie$853660309820005066
=955  \7$aBiografia$2DBN
=980  \\$aArtykuły
=995  \\$aPolska Bibliografia Literacka$bPBL 2004-2020: czasopisma
=996  \\$a.b30442576$9local
=998  \\$ao$av$9local
=999  \\$abzcz$bpg$x01$y2014$amerk

