=LDR  02282nab a2200553 i 4500
=001  b0000003044272
=005  20201022130125.6
=008  140108s2013\\\\pl\\\\\\\\\\\|000\0\ger\\
=009  991022487059705066
=015  \\$aBZCz 2014/01/3308
=035  \\$a(EXLNZ-48OMNIS_NETWORK)9910293145205606
=035  \\$a(OCoLC)899899130
=035  \\$a(PL)b0000003044272
=035  \\$a(PL-WaBN)b30442722-48omnis_nlop
=035  \\$a991022487059705066
=035  \\$ab30442722
=040  \\$aWA N$cWA N
=041  0\$ager$bpol$beng
=080  \\$a80/81(045/046)
=080  \\$a82(091)+82.0(045/046)
=100  1\$aShchekina-Greipel, Astrid$d(1980- )$1http://viaf.org/viaf/299473163
=245  10$a"Aus dem Tagebuch - einer Schnecke" :$bProbleme einer russischen Übersetzung in der 1990er jahren /$cAstrid Maria Ottilie Shchekina-Greipel.
=260  \\$c2013.
=336  \\$aTekst$btxt$2rdacontent
=337  \\$aBez urządzenia pośredniczącego$bn$2rdamedia
=338  \\$aWolumin$bnc$2rdacarrier
=380  \\$iMajor genre$aLiterature$leng
=380  \\$aArtykuły
=381  \\$iMajor genre$aFiction$leng
=546  \\$aStreszcz. pol., ang.
=600  17$aGrass, Günter$d(1927-2015)$xprzekłady rosyjskie$2DBN$1http://viaf.org/viaf/102319859
=650  \7$aPrzekłady rosyjskie$xhistoria$2DBN
=655  \7$aPowieść niemiecka$xhistoria$yod 1945 r.$2DBN
=655  \7$aPowieść niemiecka$xprzekłady rosyjskie$2DBN
=773  0\$iW:$tStudia Germanica Gedanensia.$x1230-6045.$gNr 28 (2013), s. 53-64$sStudia Germanica Gedanensia
=902  \\$a170217$c140108$dm$eb$fb$g0
=909  \\$ab0000030442722
=915  \\$aBZCz 2014/01/3308
=916  \\$aShchekina-Greipel, Astrid   (1980- )
=931  \\$a80/81(045/046)
=931  \\$a82(091)+82.0(045/046)
=950  \\$uhttps://eu.alma.exlibrisgroup.com/view/uresolver/48OMNIS_NLOP/openurl?u.ignore_date_coverage=true&portfolio_pid=53660309490005066&Force_direct=true$zZobacz w Polonie$853660309490005066
=955  \7$aPowieść niemiecka$xhistoria$yod 1945 r.$2DBN
=955  \7$aPowieść niemiecka$xprzekłady rosyjskie$2DBN
=980  \\$aArtykuły
=995  \\$aPolska Bibliografia Literacka$bPBL 2004-2020: czasopisma
=996  \\$a.b30442722$9local
=998  \\$ao$av$9local
=999  \\$abzcz$bpg$x01$y2014$amerk

