=LDR  01627nab a2200505 i 4500
=001  b0000003044276
=005  20200501071415.6
=008  140108s2013\\\\pl\\\\\\\\\\\|000\0\pol\\
=009  991022487209705066
=015  \\$aBZCz 2014/01/2950
=035  \\$a(EXLNZ-48OMNIS_NETWORK)9910002217905606
=035  \\$a(OCoLC)899899221
=035  \\$a(PL)b0000003044276
=035  \\$a(PL-WaBN)b3044276x-48omnis_nlop
=035  \\$a991022487209705066
=035  \\$ab3044276x
=040  \\$aWA N$cWA N
=041  0\$apol$beng
=080  \\$a004(045/046)
=080  \\$a80/81(045/046)
=100  1\$aBoroch, Robert
=245  10$aFormalna analiza konceptualna - reprezentacja wiedzy - przekład /$cRobert Boroch.
=260  \\$c2013.
=336  \\$aTekst$btxt$2rdacontent
=337  \\$aBez urządzenia pośredniczącego$bn$2rdamedia
=338  \\$aWolumin$bnc$2rdacarrier
=380  \\$aArtykuły
=504  \\$aBibliogr.
=546  \\$aStreszcz. ang.
=650  \7$aJęzyk angielski$xprzekłady polskie$2DBN
=650  \7$aPrzekłady$xmetody$2DBN
=650  \7$aTeoria przekładu$2DBN
=650  \7$aTłumaczenie automatyczne$2DBN
=773  0\$iW:$tRoczniki Humanistyczne.$x0035-7707.$gT. 61, z. 6 (2013), s. 121-154$sRoczniki Humanistyczne
=902  \\$a170217$c140108$dm$eb$fb$g0
=909  \\$ab000003044276x
=915  \\$aBZCz 2014/01/2950
=916  \\$aBoroch, Robert
=931  \\$a004(045/046)
=931  \\$a80/81(045/046)
=980  \\$aArtykuły
=995  \\$aPolska Bibliografia Literacka$bPBL 2004-2020: czasopisma
=996  \\$a.b3044276x$9local
=998  \\$ao$av$9local
=999  \\$abzcz$bws$cws$x01$y2014$amerk

