=LDR  02025nab a2200601 i 4500
=001  b0000003044282
=005  20210316081701.2
=008  140108s2013\\\\pl\\\\\\\\\\\|000\0\pol\\
=009  991022487459705066
=015  \\$aBZCz 2014/01/3460
=035  \\$a(EXLNZ-48OMNIS_NETWORK)9910271984405606
=035  \\$a(OCoLC)899899082
=035  \\$a(PL)b0000003044282
=035  \\$a(PL-WaBN)b30442825-48omnis_nlop
=035  \\$a991022487459705066
=035  \\$ab30442825
=040  \\$aWA N$cWA N$dWA N
=041  0\$apol$beng
=080  \\$a80/81(045/046)
=080  \\$a821.162.1(091)(045/046)
=100  1\$aMariak, Leonarda
=245  10$aFormy adresatywne w nagłówkach i formułach kończących listy Henryka Sienkiewicza do żon /$cLeonarda Mariak.
=260  \\$c2013.
=336  \\$aTekst$btxt$2rdacontent
=337  \\$aBez urządzenia pośredniczącego$bn$2rdamedia
=338  \\$aWolumin$bnc$2rdacarrier
=380  \\$iMajor genre$aLiterature$leng
=380  \\$aArtykuły
=381  \\$iMajor genre$aOther$leng
=546  \\$aStreszcz. ang.
=600  17$aSienkiewicz, Henryk$d(1846-1916)$2DBN$1http://viaf.org/viaf/24608122
=648  \7$a1801-1900$2DBN
=648  \7$a1901-2000$2DBN
=650  \7$aIdiolekt$2DBN
=650  \7$aJęzyk polski$2DBN
=650  \7$aPrzezwiska$2DBN
=650  \7$aStylistyka$2DBN
=655  \7$aListy polskie$xstylistyka$y19-20 w.$2DBN
=658  \\$aJęzykoznawstwo
=773  0\$iW:$tRoczniki Humanistyczne.$x0035-7707.$gT. 61, z. 6 (2013), s. 155-164$sRoczniki Humanistyczne
=902  \\$a170217$c140108$dm$eb$fb$g0
=909  \\$ab0000030442825
=915  \\$aBZCz 2014/01/3460
=916  \\$aMariak, Leonarda
=931  \\$a80/81(045/046)
=931  \\$a821.162.1(091)(045/046)
=955  \7$aListy polskie$xstylistyka$y19-20 w.$2DBN
=958  \\$aJęzykoznawstwo
=980  \\$aArtykuły
=995  \\$aPolska Bibliografia Literacka$bPBL 2004-2020: czasopisma
=996  \\$a.b30442825$9local
=998  \\$ao$av$9local
=999  \\$abzcz$bws$cws$x01$y2014$amerk

