=LDR  02040nab a2200517 i 4500
=001  b0000003044298
=005  20201022130325.8
=008  140108s2013\\\\pl\\\\\\\\\\\|000\0\ger\\
=009  991022488089705066
=015  \\$aBZCz 2014/01/3304
=035  \\$a(EXLNZ-48OMNIS_NETWORK)9910522291805606
=035  \\$a(OCoLC)899899288
=035  \\$a(PL)b0000003044298
=035  \\$a(PL-WaBN)b30442989-48omnis_nlop
=035  \\$a991022488089705066
=035  \\$ab30442989
=040  \\$aWA N$cWA N
=041  0\$ager$bpol$beng
=080  \\$a82(091)+82.0(045/046)
=100  1\$aSchlichting, Julia K.
=245  14$aDie "Nach Vergangenheit" als neues Zeitfenster und die Bedeutung des Siebzehnjährigen :$bzur Poetologie des Zweifels /$cJulia Kanchana Schlichting.
=260  \\$c2013.
=336  \\$aTekst$btxt$2rdacontent
=337  \\$aBez urządzenia pośredniczącego$bn$2rdamedia
=338  \\$aWolumin$bnc$2rdacarrier
=380  \\$iMajor genre$aLiterature$leng
=380  \\$aArtykuły
=381  \\$iMajor genre$aFiction$leng
=546  \\$aStreszcz. pol., ang.
=600  17$aGrass, Günter$d(1927-2015)$2DBN$1http://viaf.org/viaf/102319859
=650  \7$aPamięć$xw literaturze niemieckiej.$2DBN
=650  \7$aMemory$2ELB-g
=655  \7$aProza niemiecka$xtematyka$yod 1945 r.$2DBN
=773  0\$iW:$tStudia Germanica Gedanensia.$x1230-6045.$gNr 28 (2013), s. 65-74$sStudia Germanica Gedanensia
=902  \\$a170217$c140108$dm$eb$fb$g4
=909  \\$ab0000030442989
=915  \\$aBZCz 2014/01/3304
=916  \\$aSchlichting, Julia K.
=931  \\$a82(091)+82.0(045/046)
=950  \\$uhttps://eu.alma.exlibrisgroup.com/view/uresolver/48OMNIS_NLOP/openurl?u.ignore_date_coverage=true&portfolio_pid=53660308500005066&Force_direct=true$zZobacz w Polonie$853660308500005066
=955  \7$aProza niemiecka$xtematyka$yod 1945 r.$2DBN
=980  \\$aArtykuły
=995  \\$aPolska Bibliografia Literacka$bPBL 2004-2020: czasopisma
=996  \\$a.b30442989$9local
=998  \\$ao$av$9local
=999  \\$abzcz$bpg$x01$y2014$amerk

