=LDR  02058nab a2200541 i 4500
=001  b0000003044303
=005  20200502060014.2
=008  140108s2013\\\\pl\\\\\\\\\\\|000\0\pol\\
=009  991022488289705066
=015  \\$aBZCz 2014/01/3554
=035  \\$a(EXLNZ-48OMNIS_NETWORK)9910017493005606
=035  \\$a(OCoLC)899899201
=035  \\$a(PL)b0000003044303
=035  \\$a(PL-WaBN)b30443039-48omnis_nlop
=035  \\$a991022488289705066
=035  \\$ab30443039
=040  \\$aWA N$cWA N
=041  0\$apol$beng
=080  \\$a821.162.1(091)(045/046)
=100  1\$aWysocka, Aneta$d(1977- )$1http://viaf.org/viaf/163082637
=245  10$aMetatekstowy i intertekstualny wymiar motta "Nowe Ateny" Benedykta Chmielowskiego w "Cesarzu" Ryszarda Kapuscińskiego /$cAneta Wysocka.
=260  \\$c2013.
=336  \\$aTekst$btxt$2rdacontent
=337  \\$aBez urządzenia pośredniczącego$bn$2rdamedia
=338  \\$aWolumin$bnc$2rdacarrier
=380  \\$iMajor genre$aLiterature$leng
=380  \\$aArtykuły
=381  \\$iMajor genre$aOther$leng
=504  \\$aBibliogr.
=546  \\$aStreszcz. ang.
=600  17$aChmielowski, Benedykt$d(1700-1763)$tNowe Ateny$2DBN$1http://viaf.org/viaf/73608002
=600  17$aKapuściński, Ryszard$d(1932-2007)$tCesarz$2DBN$1http://viaf.org/viaf/108294385
=648  \7$a1701-1800$2DBN
=655  \7$aLiteratura polska$xhistoria$y18 w.$2DBN
=655  \7$aReportaż polski$xhistoria$yod 1944 r.$2DBN
=773  0\$iW:$tRoczniki Humanistyczne.$x0035-7707.$gT. 61, z. 6 (2013), s. 187-198$sRoczniki Humanistyczne
=902  \\$a180319$c140108$dm$eb$fb$g0
=909  \\$ab0000030443039
=915  \\$aBZCz 2014/01/3554
=916  \\$aWysocka, Aneta   (1977- )
=931  \\$a821.162.1(091)(045/046)
=955  \7$aLiteratura polska$xhistoria$y18 w.$2DBN
=955  \7$aReportaż polski$xhistoria$yod 1944 r.$2DBN
=980  \\$aArtykuły
=995  \\$aPolska Bibliografia Literacka$bPBL 2004-2020: czasopisma
=996  \\$a.b30443039$9local
=998  \\$ao$av$9local
=999  \\$abzcz$bws$cws$x01$y2014$amerk

