=LDR  02103nab a2200601 i 4500
=001  b0000003044310
=005  20201022130344.3
=008  140108s2013\\\\pl\\\\\\\\\\\|000\0\ger\\
=009  991022488579705066
=015  \\$aBZCz 2014/01/3248
=035  \\$a(EXLNZ-48OMNIS_NETWORK)9910419570105606
=035  \\$a(OCoLC)899899350
=035  \\$a(PL)b0000003044310
=035  \\$a(PL-WaBN)b30443106-48omnis_nlop
=035  \\$a991022488579705066
=035  \\$ab30443106
=040  \\$aWA N$cWA N
=041  0\$ager$bpol$beng
=045  2\$bd1945$bd2013
=080  \\$a82(091)+82.0(045/046)
=100  1\$aKrason, Viktoria
=245  10$aBildende Kunst und Imagination in Günter Grass "Beim Häuten der Zwiebel" /$cViktoria Krason.
=260  \\$c2013.
=336  \\$aTekst$btxt$2rdacontent
=337  \\$aBez urządzenia pośredniczącego$bn$2rdamedia
=338  \\$aWolumin$bnc$2rdacarrier
=380  \\$aArtykuły
=546  \\$aStreszcz. pol., ang.
=600  17$aGrass, Günter$d(1927-2015)$2DBN$1http://viaf.org/viaf/102319859
=648  \7$a1901-2000$2DBN
=648  \7$a1945-1989$2DBN
=648  \7$a1989-2000$2DBN
=648  \7$a2001-$2DBN
=650  \7$aLiteratura$2DBN
=650  \7$aPamiętniki niemieckie$2DBN
=650  \7$aSztuka$2DBN
=650  \7$aDiary$2ELB-g
=650  \7$aGerman literature$2ELB-n
=658  \\$aLiteraturoznawstwo
=773  0\$iW:$tStudia Germanica Gedanensia.$x1230-6045.$gNr 28 (2013), s. 85-96$sStudia Germanica Gedanensia
=902  \\$a171125$c140108$dm$eb$fb$g0
=909  \\$ab0000030443106
=915  \\$aBZCz 2014/01/3248
=916  \\$aKrason, Viktoria
=931  \\$a82(091)+82.0(045/046)
=945  2\$b1945$b2013
=950  \\$uhttps://eu.alma.exlibrisgroup.com/view/uresolver/48OMNIS_NLOP/openurl?u.ignore_date_coverage=true&portfolio_pid=53660281200005066&Force_direct=true$zZobacz w Polonie$853660281200005066
=958  \\$aLiteraturoznawstwo
=980  \\$aArtykuły
=995  \\$aPolska Bibliografia Literacka$bPBL 2004-2020: czasopisma
=996  \\$a.b30443106$9local
=998  \\$ao$av$9local
=999  \\$abzcz$bpg$x01$y2014$amerk

