=LDR  01666nab a2200493 i 4500
=001  b0000003044312
=005  20200501071321.6
=008  140108s2013\\\\pl\\\\\\\\\\\|000\0bpol\\
=009  991022488639705066
=015  \\$aBZCz 2014/01/2952
=035  \\$a(EXLNZ-48OMNIS_NETWORK)9910052432705606
=035  \\$a(OCoLC)899899352
=035  \\$a(PL)b0000003044312
=035  \\$a(PL-WaBN)b3044312x-48omnis_nlop
=035  \\$a991022488639705066
=035  \\$ab3044312x
=040  \\$aWA N$cWA N
=080  \\$a80/81(045/046)
=080  \\$a929(045/046)
=100  1\$aBryła, Władysława
=245  10$aŚp. prof. Zygmunt Zagórski /$cWładysława Bryła.
=246  3\$aŚwiętej pamięci profesor Zygmunt Zagórski
=260  \\$c2013.
=336  \\$aTekst$btxt$2rdacontent
=337  \\$aBez urządzenia pośredniczącego$bn$2rdamedia
=338  \\$aWolumin$bnc$2rdacarrier
=380  \\$iMajor genre$aSecondary literature$leng
=380  \\$aArtykuły
=600  17$aZagórski, Zygmunt$d(1926-2013)$2DBN$1http://viaf.org/viaf/44474835
=650  \7$aJęzykoznawcy$zPolska$yod 1944 r.$2DBN
=655  \7$aNekrolog$2DBN
=773  0\$iW:$tRoczniki Humanistyczne.$x0035-7707.$gT. 61, z. 6 (2013), s. 219-221$sRoczniki Humanistyczne
=902  \\$a170217$c140108$dm$eb$fb$g0
=909  \\$ab000003044312x
=915  \\$aBZCz 2014/01/2952
=916  \\$aBryła, Władysława
=931  \\$a80/81(045/046)
=931  \\$a929(045/046)
=955  \7$aNekrolog$2DBN
=980  \\$aArtykuły
=995  \\$aPolska Bibliografia Literacka$bPBL 2004-2020: czasopisma
=996  \\$a.b3044312x$9local
=998  \\$ao$av$9local
=999  \\$abzcz$bws$cws$x01$y2014$amerk

