=LDR  02267nab a2200625 i 4500
=001  b0000003044329
=005  20201022130249.8
=008  140108s2013\\\\pl\\\\\\\\\\\|000\0\ger\\
=009  991022489339705066
=015  \\$aBZCz 2014/01/3247
=035  \\$a(EXLNZ-48OMNIS_NETWORK)9910133618305606
=035  \\$a(OCoLC)899899320
=035  \\$a(PL)b0000003044329
=035  \\$a(PL-WaBN)b30443295-48omnis_nlop
=035  \\$a991022489339705066
=035  \\$ab30443295
=040  \\$aWA N$cWA N
=041  0\$ager$bpol$beng
=045  2\$bd1501$bd1700
=080  \\$a75(045/046)
=080  \\$a82(091)+82.0(045/046)
=100  1\$aKowalewska-Mróz, Anna
=245  10$aBeschreibung und Deutung des Gemäldes "Der Zinsgroschen" von Anton Möller im Roman "Der Butt" von Günter Grass /$cAnna Kowalewska-Mróz.
=260  \\$c2013.
=336  \\$aTekst$btxt$2rdacontent
=337  \\$aBez urządzenia pośredniczącego$bn$2rdamedia
=338  \\$aWolumin$bnc$2rdacarrier
=380  \\$aArtykuły
=546  \\$aStreszcz. pol., ang.
=600  17$aGrass, Günter$d(1927-2015)$2DBN$1http://viaf.org/viaf/102319859
=600  17$aMöller, Anton$d(ok. 1563-1611)$2DBN
=648  \7$a1501-1600$2DBN
=648  \7$a1601-1700$2DBN
=650  \7$aLiteratura$xa sztuka$2DBN
=650  \7$aMalarstwo niemieckie$2DBN
=650  \7$aPowieść niemiecka$2DBN
=650  \7$aSztuka$2DBN
=650  \7$aNovel$2ELB-g
=650  \7$aGerman literature$2ELB-n
=658  \\$aLiteraturoznawstwo
=773  0\$iW:$tStudia Germanica Gedanensia.$x1230-6045.$gNr 28 (2013), s. 97-106$sStudia Germanica Gedanensia
=902  \\$a171129$c140108$dm$eb$fb$g0
=909  \\$ab0000030443295
=915  \\$aBZCz 2014/01/3247
=916  \\$aKowalewska-Mróz, Anna
=931  \\$a75(045/046)
=931  \\$a82(091)+82.0(045/046)
=945  2\$b1501$b1700
=950  \\$uhttps://eu.alma.exlibrisgroup.com/view/uresolver/48OMNIS_NLOP/openurl?u.ignore_date_coverage=true&portfolio_pid=53660308560005066&Force_direct=true$zZobacz w Polonie$853660308560005066
=958  \\$aLiteraturoznawstwo
=980  \\$aArtykuły
=995  \\$aPolska Bibliografia Literacka$bPBL 2004-2020: czasopisma
=996  \\$a.b30443295$9local
=998  \\$ao$av$9local
=999  \\$abzcz$bpg$x01$y2014$amerk

