=LDR  02221nab a2200541 i 4500
=001  b0000003044341
=005  20201022130540.1
=008  140108s2013\\\\pl\\\\\\\\\\\|000\0\ger\\
=009  991022489719705066
=015  \\$aBZCz 2014/01/3188
=035  \\$a(EXLNZ-48OMNIS_NETWORK)9910161536405606
=035  \\$a(OCoLC)899899424
=035  \\$a(PL)b0000003044341
=035  \\$a(PL-WaBN)b30443416-48omnis_nlop
=035  \\$a991022489719705066
=035  \\$ab30443416
=040  \\$aWA N$cWA N
=041  0\$ager$bpol$beng
=080  \\$a82(091)+82.0(045/046)
=100  1\$aBednarska-Kociołek, Joanna
=245  14$aDas Alte lebt im Neuen :$bdie Stadttransformationen im polnischen Gdańsk im Werk von Günter Grass /$cJoanna Bednarska-Kociołek.
=260  \\$c2013.
=336  \\$aTekst$btxt$2rdacontent
=337  \\$aBez urządzenia pośredniczącego$bn$2rdamedia
=338  \\$aWolumin$bnc$2rdacarrier
=380  \\$iMajor genre$aLiterature$leng
=380  \\$aArtykuły
=381  \\$iMajor genre$aFiction$leng
=546  \\$aStreszcz. pol., ang.
=600  17$aGrass, Günter$d(1927-2015)$2DBN$1http://viaf.org/viaf/102319859
=651  \7$aGdańsk (woj. pomorskie)$xw literaturze niemieckiej.$2DBN
=651  \7$aPolska$xw literaturze niemieckiej.$2DBN
=655  \7$aPowieść niemiecka$xtematyka$yod 1945 r.$2DBN
=773  0\$iW:$tStudia Germanica Gedanensia.$x1230-6045.$gNr 28 (2013), s. 119-129$sStudia Germanica Gedanensia
=902  \\$a170217$c140108$dm$eb$fb$g4
=909  \\$ab0000030443416
=915  \\$aBZCz 2014/01/3188
=916  \\$aBednarska-Kociołek, Joanna
=931  \\$a82(091)+82.0(045/046)
=950  \\$uhttps://eu.alma.exlibrisgroup.com/view/uresolver/48OMNIS_NLOP/openurl?u.ignore_date_coverage=true&portfolio_pid=53660281320005066&Force_direct=true$zZobacz w Polonie$853660281320005066
=951  \7$aGdańsk (woj. pomorskie)$xw literaturze niemieckiej.$2DBN
=951  \7$aPolska$xw literaturze niemieckiej.$2DBN
=955  \7$aPowieść niemiecka$xtematyka$yod 1945 r.$2DBN
=980  \\$aArtykuły
=995  \\$aPolska Bibliografia Literacka$bPBL 2004-2020: czasopisma
=996  \\$a.b30443416$9local
=998  \\$ao$av$9local
=999  \\$abzcz$bpg$x01$y2014$amerk

