=LDR  01908nab a2200493 i 4500
=001  b0000003044352
=005  20201022130531.5
=008  140108s2013\\\\pl\\\\\\\\\\\|000\0\pol\\
=009  991022490199705066
=015  \\$aBZCz 2014/01/3263
=035  \\$a(EXLNZ-48OMNIS_NETWORK)9910225140505606
=035  \\$a(OCoLC)899898934
=035  \\$a(PL)b0000003044352
=035  \\$a(PL-WaBN)b30443520-48omnis_nlop
=035  \\$a991022490199705066
=035  \\$ab30443520
=040  \\$aWA N$cWA N
=041  0\$apol$bger$beng
=080  \\$a82(091)+82.0(045/046)
=100  1\$aMaksymowicz, Wacław B.
=245  10$aCzy wciąż "brakujące ogniwo"? :$bo czytaniu "Psich lat" /$cWacław B. Maksymowicz.
=260  \\$c2013.
=336  \\$aTekst$btxt$2rdacontent
=337  \\$aBez urządzenia pośredniczącego$bn$2rdamedia
=338  \\$aWolumin$bnc$2rdacarrier
=380  \\$iMajor genre$aLiterature$leng
=380  \\$aArtykuły
=381  \\$iMajor genre$aFiction$leng
=546  \\$aStreszcz. niem., ang.
=600  17$aGrass, Günter$d(1927-2015)$2DBN$1http://viaf.org/viaf/102319859
=655  \7$aPowieść niemiecka$xhistoria$yod 1945 r.$2DBN
=773  0\$iW:$tStudia Germanica Gedanensia.$x1230-6045.$gNr 28 (2013), s. 131-139$sStudia Germanica Gedanensia
=902  \\$a170217$c140108$dm$eb$fb$g0
=909  \\$ab0000030443520
=915  \\$aBZCz 2014/01/3263
=916  \\$aMaksymowicz, Wacław B.
=931  \\$a82(091)+82.0(045/046)
=950  \\$uhttps://eu.alma.exlibrisgroup.com/view/uresolver/48OMNIS_NLOP/openurl?u.ignore_date_coverage=true&portfolio_pid=53660281080005066&Force_direct=true$zZobacz w Polonie$853660281080005066
=955  \7$aPowieść niemiecka$xhistoria$yod 1945 r.$2DBN
=980  \\$aArtykuły
=995  \\$aPolska Bibliografia Literacka$bPBL 2004-2020: czasopisma
=996  \\$a.b30443520$9local
=998  \\$ao$av$9local
=999  \\$abzcz$bpg$x01$y2014$amerk

