=LDR  01954nab a2200493 i 4500
=001  b0000003044355
=005  20201022130143.7
=008  140108s2013\\\\pl\\\\\\\\\\\|000\0\ger\\
=009  991022490309705066
=015  \\$aBZCz 2014/01/3224
=035  \\$a(EXLNZ-48OMNIS_NETWORK)9910181109405606
=035  \\$a(OCoLC)899899487
=035  \\$a(PL)b0000003044355
=035  \\$a(PL-WaBN)b30443556-48omnis_nlop
=035  \\$a991022490309705066
=035  \\$ab30443556
=040  \\$aWA N$cWA N
=041  0\$ager$bpol$beng
=080  \\$a82(091)+82.0(045/046)
=100  1\$aHonsza, Norbert$d(1933-2020)$1http://viaf.org/viaf/254751395
=245  16$a"Eine Maulschlacht auf dem Jahrmarkt der Eitelkeiten" :$bGünter Grass : was gesagt werden muss" /$cNorbert Honsza.
=260  \\$c2013.
=336  \\$aTekst$btxt$2rdacontent
=337  \\$aBez urządzenia pośredniczącego$bn$2rdamedia
=338  \\$aWolumin$bnc$2rdacarrier
=380  \\$aArtykuły
=546  \\$aStreszcz. pol., ang.
=600  17$aGrass, Günter$d(1927-2015)$2DBN$1http://viaf.org/viaf/102319859
=648  \7$a2001-$2DBN
=650  \7$aKrytyka literacka niemiecka$xhistoria$y21 w.$2DBN
=650  \7$aLiteratura niemiecka$xhistoria$y21 w.$2DBN
=650  \7$aGerman literature$2ELB-n
=773  0\$iW:$tStudia Germanica Gedanensia.$x1230-6045.$gNr 28 (2013), s. 141-146$sStudia Germanica Gedanensia
=902  \\$a171127$c140108$dm$eb$fb$g6
=909  \\$ab0000030443556
=915  \\$aBZCz 2014/01/3224
=916  \\$aHonsza, Norbert   (1933-2020)
=931  \\$a82(091)+82.0(045/046)
=950  \\$uhttps://eu.alma.exlibrisgroup.com/view/uresolver/48OMNIS_NLOP/openurl?u.ignore_date_coverage=true&portfolio_pid=53660281020005066&Force_direct=true$zZobacz w Polonie$853660281020005066
=980  \\$aArtykuły
=995  \\$aPolska Bibliografia Literacka$bPBL 2004-2020: czasopisma
=996  \\$a.b30443556$9local
=998  \\$ao$av$9local
=999  \\$abzcz$bpg$x01$y2014$amerk

