=LDR  01987nab a2200505 i 4500
=001  b0000003044360
=005  20201022130117.2
=008  140108s2013\\\\pl\\\\\\\\\\\|000\0\ger\\
=009  991022490509705066
=015  \\$aBZCz 2014/01/3323
=035  \\$a(EXLNZ-48OMNIS_NETWORK)9910257811005606
=035  \\$a(OCoLC)899899492
=035  \\$a(PL)b0000003044360
=035  \\$a(PL-WaBN)b3044360x-48omnis_nlop
=035  \\$a991022490509705066
=035  \\$ab3044360x
=040  \\$aWA N$cWA N
=041  0\$ager$bpol$beng
=080  \\$a82(091)+82.0(045/046)
=100  1\$aŚwiatłowski, Zbigniew$d(1946- )$1http://viaf.org/viaf/71417529
=245  14$aDie Kaschubei, Grass' Herzland /$cZbigniew Światłowski.
=260  \\$c2013.
=336  \\$aTekst$btxt$2rdacontent
=337  \\$aBez urządzenia pośredniczącego$bn$2rdamedia
=338  \\$aWolumin$bnc$2rdacarrier
=380  \\$aArtykuły
=546  \\$aStreszcz. pol., ang.
=600  17$aGrass, Günter$d(1927-2015)$2DBN$1http://viaf.org/viaf/102319859
=650  \7$aKaszubi$xw literaturze niemieckiej$2DBN
=650  \7$aLiteratura niemiecka$xtematyka$yod 1945 r.$2DBN
=650  \7$aGerman literature$2ELB-n
=651  \7$aKaszuby$xw literaturze niemieckiej$2DBN
=773  0\$iW:$tStudia Germanica Gedanensia.$x1230-6045.$gNr 28 (2013), s. 147-149$sStudia Germanica Gedanensia
=902  \\$a171127$c140108$dm$eb$fb$g4
=909  \\$ab000003044360x
=915  \\$aBZCz 2014/01/3323
=916  \\$aŚwiatłowski, Zbigniew   (1946- )
=931  \\$a82(091)+82.0(045/046)
=950  \\$uhttps://eu.alma.exlibrisgroup.com/view/uresolver/48OMNIS_NLOP/openurl?u.ignore_date_coverage=true&portfolio_pid=53660280030005066&Force_direct=true$zZobacz w Polonie$853660280030005066
=951  \7$aKaszuby$xw literaturze niemieckiej$2DBN
=980  \\$aArtykuły
=995  \\$aPolska Bibliografia Literacka$bPBL 2004-2020: czasopisma
=996  \\$a.b3044360x$9local
=998  \\$ao$av$9local
=999  \\$abzcz$bpg$x01$y2014$amerk

