=LDR  02055nab a2200505 i 4500
=001  b0000003044374
=005  20201022130203.4
=008  140108s2013\\\\pl\\\\\\\\\\\|000\0\ger\\
=009  991022491079705066
=015  \\$aBZCz 2014/01/3192
=035  \\$a(EXLNZ-48OMNIS_NETWORK)9910014645405606
=035  \\$a(OCoLC)899899273
=035  \\$a(PL)b0000003044374
=035  \\$a(PL-WaBN)b3044374x-48omnis_nlop
=035  \\$a991022491079705066
=035  \\$ab3044374x
=040  \\$aWA N$cWA N
=041  0\$ager$bpol$beng
=080  \\$a82(091)+82.0(045/046)
=100  1\$aBorek, Michał
=245  10$aKulturelle Vielfalt im Werk von Günter Grass :$b"Oh, heilige Handlung des Essens, die du die Völker verbindest" : über den süß-sauren Gaumenschmaus im Haus Mazerath /$cMichał Borek.
=260  \\$c2013.
=336  \\$aTekst$btxt$2rdacontent
=337  \\$aBez urządzenia pośredniczącego$bn$2rdamedia
=338  \\$aWolumin$bnc$2rdacarrier
=380  \\$iMajor genre$aLiterature$leng
=380  \\$aArtykuły
=381  \\$iMajor genre$aFiction$leng
=546  \\$aStreszcz. pol., ang.
=600  17$aGrass, Günter$d(1927-2015)$2DBN$1http://viaf.org/viaf/102319859
=650  \7$aKultura stołu$xw literaturze niemieckiej$2DBN
=655  \7$aPowieść niemiecka$xtematyka$yod 1945 r.$2DBN
=773  0\$iW:$tStudia Germanica Gedanensia.$x1230-6045.$gNr 28 (2013), s. 151-154$sStudia Germanica Gedanensia
=902  \\$a170217$c140108$dm$eb$fb$g0
=909  \\$ab000003044374x
=915  \\$aBZCz 2014/01/3192
=916  \\$aBorek, Michał
=931  \\$a82(091)+82.0(045/046)
=950  \\$uhttps://eu.alma.exlibrisgroup.com/view/uresolver/48OMNIS_NLOP/openurl?u.ignore_date_coverage=true&portfolio_pid=53660309220005066&Force_direct=true$zZobacz w Polonie$853660309220005066
=955  \7$aPowieść niemiecka$xtematyka$yod 1945 r.$2DBN
=980  \\$aArtykuły
=995  \\$aPolska Bibliografia Literacka$bPBL 2004-2020: czasopisma
=996  \\$a.b3044374x$9local
=998  \\$ao$av$9local
=999  \\$abzcz$bpg$x01$y2014$amerk

