=LDR  01852nab a2200469 i 4500
=001  b0000003044401
=005  20200502060014.2
=008  140108s2012\\\\pl\\\\\\\\\\\|000\0\pol\\
=009  991022492059705066
=015  \\$aBZCz 2014/01/3430
=035  \\$a(EXLNZ-48OMNIS_NETWORK)9910437940705606
=035  \\$a(OCoLC)899899513
=035  \\$a(PL)b0000003044401
=035  \\$a(PL-WaBN)b30444019-48omnis_nlop
=035  \\$a991022492059705066
=035  \\$ab30444019
=040  \\$aWA N$cWA N
=080  \\$a821.162.1(091)(045/046)
=100  1\$aKoehler, Krzysztof$d(1963- )$1http://viaf.org/viaf/73796029
=245  10$a[Ojciec się zmienia - recenzja] /$cKrzysztof Koehler.
=260  \\$c2012.
=336  \\$aTekst$btxt$2rdacontent
=337  \\$aBez urządzenia pośredniczącego$bn$2rdamedia
=338  \\$aWolumin$bnc$2rdacarrier
=380  \\$iMajor genre$aSecondary literature$leng
=380  \\$aArtykuły
=520  8\$aZawiera rec. książki: Ojciec się zmienia / Wojciech Kudyba. - Sopot, 2011.
=600  17$aKudyba, Wojciech$d(1965- )$tOjciec się zmienia$2DBN$1http://viaf.org/viaf/277111619
=655  \7$aRecenzja literacka$2DBN
=773  0\$iW:$tArcana : kultura, historia, polityka.$x1233-6882.$g2012, nr 6, s. 229-231$sArcana (Kraków)
=856  42$uhttp://libri.ucl.cas.cz/Record/pl001449357$yreview of: Kudyba Wojciech, Ojciec się zmienia, Towarzystwo Przyjaciół Sopotu. Redakcja "Toposu", Sopot 2011
=902  \\$a170217$c140108$dm$eb$fb$g0
=909  \\$ab0000030444019
=915  \\$aBZCz 2014/01/3430
=916  \\$aKoehler, Krzysztof   (1963- )
=931  \\$a821.162.1(091)(045/046)
=955  \7$aRecenzja literacka$2DBN
=980  \\$aArtykuły
=995  \\$aPolska Bibliografia Literacka$bPBL 2004-2020: czasopisma
=996  \\$a.b30444019$9local
=998  \\$ao$av$9local
=999  \\$abzcz$bmk$x01$y2014

