=LDR  01695nab a2200469 i 4500
=001  b0000003044404
=005  20200502060140.1
=008  140108s2012\\\\pl\\\\\\\\\\\|000\0\pol\\
=009  991022492159705066
=015  \\$aBZCz 2014/01/3540
=035  \\$a(EXLNZ-48OMNIS_NETWORK)9910193828305606
=035  \\$a(OCoLC)899899663
=035  \\$a(PL)b0000003044404
=035  \\$a(PL-WaBN)b30444044-48omnis_nlop
=035  \\$a991022492159705066
=035  \\$ab30444044
=040  \\$aWA N$cWA N
=080  \\$a821.162.1(091)(045/046)
=100  1\$aUrbanowski, Maciej$d(1965- )$1http://viaf.org/viaf/34626746
=245  10$aKryminał i głębsze znaczenie /$cMaciej Urbanowski.
=260  \\$c2012.
=336  \\$aTekst$btxt$2rdacontent
=337  \\$aBez urządzenia pośredniczącego$bn$2rdamedia
=338  \\$aWolumin$bnc$2rdacarrier
=380  \\$iMajor genre$aSecondary literature$leng
=380  \\$aArtykuły
=520  8\$aZawiera rec. książki: Ukryty / Bronisław Wildstein. - Poznań, 2012.
=600  17$aWildstein, Bronisław$d(1952- )$tUkryty$2DBN$1http://viaf.org/viaf/84204631
=655  \7$aRecenzja literacka$2DBN
=740  0\$aUkryty - recenzja
=773  0\$iW:$tArcana : kultura, historia, polityka.$x1233-6882.$g2012, nr 6, s. 231-233$sArcana (Kraków)
=902  \\$a170217$c140108$dm$eb$fb$g0
=909  \\$ab0000030444044
=915  \\$aBZCz 2014/01/3540
=916  \\$aUrbanowski, Maciej   (1965- )
=931  \\$a821.162.1(091)(045/046)
=955  \7$aRecenzja literacka$2DBN
=980  \\$aArtykuły
=995  \\$aPolska Bibliografia Literacka$bPBL 2004-2020: czasopisma
=996  \\$a.b30444044$9local
=998  \\$ao$av$9local
=999  \\$abzcz$bmk$x01$y2014

