=LDR  01732nab a2200469 i 4500
=001  b0000003044413
=005  20200502060102.7
=008  140108s2012\\\\pl\\\\\\\\\\\|000\0\pol\\
=009  991022492509705066
=015  \\$aBZCz 2014/01/3486
=035  \\$a(EXLNZ-48OMNIS_NETWORK)9910363721705606
=035  \\$a(OCoLC)899899676
=035  \\$a(PL)b0000003044413
=035  \\$a(PL-WaBN)b30444135-48omnis_nlop
=035  \\$a991022492509705066
=035  \\$ab30444135
=040  \\$aWA N$cWA N
=080  \\$a821.162.1(091)(045/046)
=100  1\$aPiętniewicz, Michał$d(1984- )$1http://viaf.org/viaf/161550853
=245  10$a"Boiduda" Jakuba Lubelskiego, czyli jak być serio w niepowadze /$cMichał Piętniewicz.
=260  \\$c2012.
=336  \\$aTekst$btxt$2rdacontent
=337  \\$aBez urządzenia pośredniczącego$bn$2rdamedia
=338  \\$aWolumin$bnc$2rdacarrier
=380  \\$iMajor genre$aSecondary literature$leng
=380  \\$aArtykuły
=520  8\$aZawiera rec. książki: Boiduda / Jakub Lubelski. - Warszawa, 2012.
=600  17$aLubelski, Jakub$d(1984- )$tBoiduda$2DBN$1http://viaf.org/viaf/249522239
=655  \7$aRecenzja literacka$2DBN
=740  0\$aBoiduda - recenzja
=773  0\$iW:$tArcana : kultura, historia, polityka.$x1233-6882.$g2012, nr 6, s. 237-240$sArcana (Kraków)
=902  \\$a170217$c140108$dm$eb$fb$g0
=909  \\$ab0000030444135
=915  \\$aBZCz 2014/01/3486
=916  \\$aPiętniewicz, Michał   (1984- )
=931  \\$a821.162.1(091)(045/046)
=955  \7$aRecenzja literacka$2DBN
=980  \\$aArtykuły
=995  \\$aPolska Bibliografia Literacka$bPBL 2004-2020: czasopisma
=996  \\$a.b30444135$9local
=998  \\$ao$av$9local
=999  \\$abzcz$bmk$x01$y2014

