=LDR  02294nab a2200601 i 4500
=001  b0000003044441
=005  20201022130527.2
=008  140108s2013\\\\pl\\\\\\\\\\\|000\0\pol\\
=009  991022493689705066
=015  \\$aBZCz 2014/01/556
=035  \\$a(EXLNZ-48OMNIS_NETWORK)9910069103005606
=035  \\$a(OCoLC)899899781
=035  \\$a(PL)b0000003044441
=035  \\$a(PL-WaBN)b3044441x-48omnis_nlop
=035  \\$a991022493689705066
=035  \\$ab3044441x
=040  \\$aWA N$cWA N
=041  0\$apol$beng
=080  \\$a272(045/046)
=100  1\$aKosmana, Ignacy$d(1960- )$1http://viaf.org/viaf/166889811
=245  10$aHomilia hagiograficzna pół wieku po "Vaticanum II" /$cIgnacy Kosmana.
=260  \\$c2013.
=336  \\$aTekst$btxt$2rdacontent
=337  \\$aBez urządzenia pośredniczącego$bn$2rdamedia
=338  \\$aWolumin$bnc$2rdacarrier
=380  \\$aArtykuły
=546  \\$aStreszcz. ang.
=648  \7$a1901-2000$2DBN
=648  \7$a1945-1989$2DBN
=648  \7$a1989-2000$2DBN
=648  \7$a2001-$2DBN
=650  \7$aHagiografia$xkatolicyzm$2DBN
=650  \7$aKatolicyzm$2DBN
=650  \7$aKazania$2DBN
=658  \\$aHistoria
=658  \\$aLiteraturoznawstwo
=658  \\$aReligia i duchowość
=773  0\$iW:$tStudia Koszalińsko-Kołobrzeskie.$x1230-0780.$g2013, z. 1/2, s. 73-83$sStudia Koszalińsko-Kołobrzeskie
=856  40$uhttp://bazhum.muzhp.pl/media//files/Studia_Koszalinsko_Kolobrzeskie/Studia_Koszalinsko_Kolobrzeskie-r2013-t20-n1_2/Studia_Koszalinsko_Kolobrzeskie-r2013-t20-n1_2-s73-83/Studia_Koszalinsko_Kolobrzeskie-r2013-t20-n1_2-s73-83.pdf$yonline$4N
=902  \\$a180218$c140108$dm$eb$fb$g0
=909  \\$ab000003044441x
=915  \\$aBZCz 2014/01/556
=916  \\$aKosmana, Ignacy   (1960- )
=931  \\$a272(045/046)
=950  \\$uhttps://eu.alma.exlibrisgroup.com/view/uresolver/48OMNIS_NLOP/openurl?u.ignore_date_coverage=true&portfolio_pid=53660308800005066&Force_direct=true$zZobacz w Polonie$853660308800005066
=958  \\$aHistoria
=958  \\$aLiteraturoznawstwo
=958  \\$aReligia i duchowość
=980  \\$aArtykuły
=995  \\$aPolska Bibliografia Literacka$bPBL 2004-2020: czasopisma
=996  \\$a.b3044441x$9local
=998  \\$ao$av$9local
=999  \\$abzcz$bbw$cbw$x01$y2014$amerk

