=LDR  01708nab a2200505 i 4500
=001  b0000003044449
=005  20200823063016.4
=008  140108s2012\\\\pl\\\\\\\\\\\|000\0apol\\
=009  991022494019705066
=015  \\$aBZCz 2014/01/186
=035  \\$a(EXLNZ-48OMNIS_NETWORK)9910041277605606
=035  \\$a(OCoLC)899899815
=035  \\$a(PL)b0000003044449
=035  \\$a(PL-WaBN)b30444494-48omnis_nlop
=035  \\$a991022494019705066
=035  \\$ab30444494
=040  \\$aWA N$cWA N
=080  \\$a050+070(045/046)
=080  \\$a929(045/046)
=100  1\$aHennelowa, Józefa$d(1925-2020)$1http://viaf.org/viaf/69859962
=245  10$aCoraz bliżej albo Coraz mniej /$cJózefa Hennelowa.
=260  \\$c2012.
=336  \\$aTekst$btxt$2rdacontent
=337  \\$aBez urządzenia pośredniczącego$bn$2rdamedia
=338  \\$aWolumin$bnc$2rdacarrier
=380  \\$iMajor genre$aLiterature$leng
=380  \\$aArtykuły
=381  \\$iMajor genre$aOther$leng
=600  17$aHennelowa, Józefa$d(1925-2020)$2DBN$1http://viaf.org/viaf/69859962
=648  \7$a2001-$2DBN
=650  \7$aDziennikarze$zPolska$yod 1944 r.$2DBN
=655  \7$aPamiętniki polskie$y21 w.$2DBN
=773  0\$iW:$tZnak (Kraków).$x0044-488X.$g2012, nr 11, s. 38-41$sZnak
=902  \\$a170217$c140108$dm$eb$fb$g0
=909  \\$ab0000030444494
=915  \\$aBZCz 2014/01/186
=916  \\$aHennelowa, Józefa   (1925- )
=931  \\$a050+070(045/046)
=931  \\$a929(045/046)
=955  \7$aPamiętniki polskie$y21 w.$2DBN
=980  \\$aArtykuły
=995  \\$aPolska Bibliografia Literacka$bPBL 2004-2020: czasopisma
=996  \\$a.b30444494$9local
=998  \\$ao$av$9local
=999  \\$abzcz$btg$ctg$x01$y2014

