=LDR  02044nab a2200577 i 4500
=001  b0000003044461
=005  20200502060011.7
=008  140108s2012\\\\pl\\\\\\\\\\\|000\0\pol\\
=009  991022494529705066
=015  \\$aBZCz 2014/01/3720
=035  \\$a(EXLNZ-48OMNIS_NETWORK)9910508536905606
=035  \\$a(OCoLC)899899723
=035  \\$a(PL)b0000003044461
=035  \\$a(PL-WaBN)b30444615-48omnis_nlop
=035  \\$a991022494529705066
=035  \\$ab30444615
=040  \\$aWA N$cWA N
=080  \\$a821.162.1(091)(045/046)
=080  \\$a821.162.1-1/-9(045/046)
=100  1\$aSławek, Tadeusz$d(1946- )$1http://viaf.org/viaf/56626340
=245  10$aPanie /$cTadeusz Sławek. Inna modlitwa przyjaciół / Jerzy Illg.
=260  \\$c2012.
=336  \\$aTekst$btxt$2rdacontent
=337  \\$aBez urządzenia pośredniczącego$bn$2rdamedia
=338  \\$aWolumin$bnc$2rdacarrier
=380  \\$iMajor genre$aLiterature$leng
=380  \\$aArtykuły
=381  \\$iMajor genre$aLyrical poetry$leng
=490  1\$aMój przyjaciel wiersz
=600  17$aSławek, Tadeusz$d(1946- )$2DBN$1http://viaf.org/viaf/56626340
=648  \7$a2001-$2DBN
=655  \7$aPoezja polska$xhistoria$yod 1944 r.$2DBN
=655  \7$aPoezja polska$y21 w.$2DBN
=700  12$aIllg, Jerzy$d(1950- )$tInna modlitwa przyjaciół$1http://viaf.org/viaf/44386065
=773  0\$iW:$tZnak (Kraków).$x0044-488X.$g2012, nr 11, s. 126-127$sZnak
=830  \0$aMój przyjaciel wiersz
=902  \\$a170217$c140108$dm$eb$fb$g0
=909  \\$ab0000030444615
=915  \\$aBZCz 2014/01/3720
=916  \\$aSławek, Tadeusz   (1946- )
=918  12$aIllg, Jerzy$d(1950- ).
=931  \\$a821.162.1(091)(045/046)
=931  \\$a821.162.1-1/-9(045/046)
=955  \7$aPoezja polska$xhistoria$yod 1944 r.$2DBN
=955  \7$aPoezja polska$y21 w.$2DBN
=980  \\$aArtykuły
=995  \\$aPolska Bibliografia Literacka$bPBL 2004-2020: czasopisma
=996  \\$a.b30444615$9local
=998  \\$ao$av$9local
=999  \\$aDBNd$bjka
=999  \\$abzcz$btg$ctg$x01$y2014

