=LDR  02617nab a2200637 i 4500
=001  b0000003044462
=005  20201022130307.7
=008  140109s2013\\\\pl\\\\\\\\\\\|000\0\ger\\
=009  991022494569705066
=015  \\$aBZCz 2014/01/3229
=035  \\$a(EXLNZ-48OMNIS_NETWORK)9910279544305606
=035  \\$a(OCoLC)899899850
=035  \\$a(PL)b0000003044462
=035  \\$a(PL-WaBN)b30444627-48omnis_nlop
=035  \\$a991022494569705066
=035  \\$ab30444627
=040  \\$aWA N$cWA N
=041  0\$ager$bpol$beng
=080  \\$a82(091)+82.0(045/046)
=100  1\$aJarosz-Sienkiewicz, Ewa$d(1960- )$1http://viaf.org/viaf/311095529
=245  14$aDas reflektierte Gestern bei Gabriele Stötzer /$cEwa Jarosz-Sienkiewicz.
=260  \\$c2013.
=336  \\$aTekst$btxt$2rdacontent
=337  \\$aBez urządzenia pośredniczącego$bn$2rdamedia
=338  \\$aWolumin$bnc$2rdacarrier
=380  \\$iMajor genre$aLiterature$leng
=380  \\$aArtykuły
=381  \\$iMajor genre$aOther$leng
=381  \\$iMajor genre$aLyrical poetry$leng
=546  \\$aStreszcz. pol., ang.
=600  17$aStötzer-Kachold, Gabriele$d(1953- )$2DBN$1http://viaf.org/viaf/72213615
=650  \7$aKobieta$xw literaturze niemieckiej$2DBN
=650  \7$aMałżeństwo$xw literaturze niemieckiej.$2DBN
=650  \7$aOjczyzna$xw literaturze niemieckiej$2DBN
=650  \7$aTotalitaryzm$xw literaturze niemieckiej$2DBN
=650  \7$aWolność$xw literaturze niemieckiej.$2DBN
=651  \7$aNRD$xw literaturze niemieckiej$2DBN
=651  \7$aNiemcy$xw literaturze niemieckiej.$2DBN
=655  \7$aPamiętniki niemieckie$xtematyka$2DBN
=655  \7$aPoezja niemiecka$xtematyka$yod 1945 r.$2DBN
=773  0\$iW:$tStudia Germanica Gedanensia.$x1230-6045.$gNr 28 (2013), s. 155-164$sStudia Germanica Gedanensia
=902  \\$a170217$c140109$dm$eb$fb$g4
=909  \\$ab0000030444627
=915  \\$aBZCz 2014/01/3229
=916  \\$aJarosz-Sienkiewicz, Ewa   (1960- )
=931  \\$a82(091)+82.0(045/046)
=950  \\$uhttps://eu.alma.exlibrisgroup.com/view/uresolver/48OMNIS_NLOP/openurl?u.ignore_date_coverage=true&portfolio_pid=53665985760005066&Force_direct=true$zZobacz w Polonie$853665985760005066
=951  \7$aNRD$xw literaturze niemieckiej$2DBN
=951  \7$aNiemcy$xw literaturze niemieckiej.$2DBN
=955  \7$aPamiętniki niemieckie$xtematyka$2DBN
=955  \7$aPoezja niemiecka$xtematyka$yod 1945 r.$2DBN
=980  \\$aArtykuły
=995  \\$aPolska Bibliografia Literacka$bPBL 2004-2020: czasopisma
=996  \\$a.b30444627$9local
=998  \\$ao$av$9local
=999  \\$abzcz$bpg$x01$y2014$amerk

