=LDR  01859nab a2200469 i 4500
=001  b0000003044515
=005  20201022130038.6
=008  140109s2013\\\\pl\\\\\\\\\\\|000\0\pol\\
=009  991022496659705066
=015  \\$aBZCz 2014/01/3206
=035  \\$a(EXLNZ-48OMNIS_NETWORK)9910435089805606
=035  \\$a(OCoLC)899900022
=035  \\$a(PL)b0000003044515
=035  \\$a(PL-WaBN)b30445152-48omnis_nlop
=035  \\$a991022496659705066
=035  \\$ab30445152
=040  \\$aWA N$cWA N
=041  0\$apol$beng
=080  \\$a82(091)+82.0(045/046)
=100  1\$aCzaja, Dariusz$d(1961- )$1http://viaf.org/viaf/49535213
=245  10$aPrzeszłość jako przyszłość :$banamnetyka Sebalda /$cDariusz Czaja.
=260  \\$c2013.
=336  \\$aTekst$btxt$2rdacontent
=337  \\$aBez urządzenia pośredniczącego$bn$2rdamedia
=338  \\$aWolumin$bnc$2rdacarrier
=380  \\$aArtykuły
=546  \\$aStreszcz. ang.
=600  17$aSebald, W. G.$d(1944-2001)$2DBN$1http://viaf.org/viaf/7399859/
=650  \7$aLiteratura niemiecka$xhistoria$yod 1945 r.$2DBN
=650  \7$aGerman literature$2ELB-n
=773  0\$iW:$tActa Universitatis Wratislaviensis. Prace Kulturoznawcze.$x0860-6668.$gNr 15 (2013), s. 105-120$sActa Universitatis Wratislaviensis. Prace Kulturoznawcze
=902  \\$a171127$c140109$dm$eb$fb$g0
=909  \\$ab0000030445152
=915  \\$aBZCz 2014/01/3206
=916  \\$aCzaja, Dariusz   (1961- )
=931  \\$a82(091)+82.0(045/046)
=950  \\$uhttps://eu.alma.exlibrisgroup.com/view/uresolver/48OMNIS_NLOP/openurl?u.ignore_date_coverage=true&portfolio_pid=53665986950005066&Force_direct=true$zZobacz w Polonie$853665986950005066
=980  \\$aArtykuły
=995  \\$aPolska Bibliografia Literacka$bPBL 2004-2020: czasopisma
=996  \\$a.b30445152$9local
=998  \\$ao$av$9local
=999  \\$abzcz$bbw$cbw$x01$y2014

