=LDR  02197nab a2200541 i 4500
=001  b0000003044522
=005  20201022130117.2
=008  140109s2013\\\\pl\\\\\\\\\\\|000\0\pol\\
=009  991022496919705066
=015  \\$aBZCz 2014/01/3436
=035  \\$a(EXLNZ-48OMNIS_NETWORK)9910199649605606
=035  \\$a(OCoLC)899900040
=035  \\$a(PL)b0000003044522
=035  \\$a(PL-WaBN)b3044522x-48omnis_nlop
=035  \\$a991022496919705066
=035  \\$ab3044522x
=040  \\$aWA N$cWA N
=041  0\$apol$beng
=080  \\$a821.162.1(091)(045/046)
=100  1\$aKowzan, Jacek$d(1972- )$1http://viaf.org/viaf/102080839
=245  10$aO przyszłość w przeszłości :$bperspektywa eschatologiczna w literaturze staropolskiej /$cJacek Kowzan.
=260  \\$c2013.
=336  \\$aTekst$btxt$2rdacontent
=337  \\$aBez urządzenia pośredniczącego$bn$2rdamedia
=338  \\$aWolumin$bnc$2rdacarrier
=380  \\$iMajor genre$aLiterature$leng
=380  \\$aArtykuły
=381  \\$iMajor genre$aLyrical poetry$leng
=546  \\$aStreszcz. ang.
=600  17$aMorsztyn, Zbigniew$d(ca 1628-1689)$2DBN
=630  07$aStraszliwe widzenie Piotra Pęgowskiego z Mazosz$2DBN
=648  \7$a1601-1700$2DBN
=650  \7$aEschatologia$xw literaturze polskiej$2DBN
=655  \7$aPoezja polska$xhistoria$y17 w.$2DBN
=773  0\$iW:$tActa Universitatis Wratislaviensis. Prace Kulturoznawcze.$x0860-6668.$gNr 15 (2013), s. 135-147$sActa Universitatis Wratislaviensis. Prace Kulturoznawcze
=902  \\$a170217$c140109$dm$eb$fb$g0
=909  \\$ab000003044522x
=915  \\$aBZCz 2014/01/3436
=916  \\$aKowzan, Jacek   (1972- )
=930  07$aStraszliwe widzenie Piotra Pęgowskiego z Mazosz$2DBN
=931  \\$a821.162.1(091)(045/046)
=950  \\$uhttps://eu.alma.exlibrisgroup.com/view/uresolver/48OMNIS_NLOP/openurl?u.ignore_date_coverage=true&portfolio_pid=53665986990005066&Force_direct=true$zZobacz w Polonie$853665986990005066
=955  \7$aPoezja polska$xhistoria$y17 w.$2DBN
=980  \\$aArtykuły
=995  \\$aPolska Bibliografia Literacka$bPBL 2004-2020: czasopisma
=996  \\$a.b3044522x$9local
=998  \\$ao$av$9local
=999  \\$abzcz$bbw$cbw$x01$y2014

