=LDR  02106nab a2200529 i 4500
=001  b0000003044529
=005  20201022130058.6
=008  140109s2013\\\\pl\\\\\\\\\\\|000\0\pol\\
=009  991022497199705066
=015  \\$aBZCz 2014/01/3283
=035  \\$a(EXLNZ-48OMNIS_NETWORK)9910303036505606
=035  \\$a(OCoLC)899900060
=035  \\$a(PL)b0000003044529
=035  \\$a(PL-WaBN)b30445292-48omnis_nlop
=035  \\$a991022497199705066
=035  \\$ab30445292
=040  \\$aWA N$cWA N
=041  0\$apol$beng
=080  \\$a1(045/046)
=080  \\$a82(091)+82.0(045/046)
=100  1\$aPakuza, Joanna
=245  10$aImplikacje teologii Bogoczłowieczeństwa w wymiarze egzystencjalnym oraz myśli antropologicznej i społecznej Fiodora Michajłowicza Dostojewskiego (1821-1881) /$cJoanna Pakuza.
=260  \\$c2013.
=336  \\$aTekst$btxt$2rdacontent
=337  \\$aBez urządzenia pośredniczącego$bn$2rdamedia
=338  \\$aWolumin$bnc$2rdacarrier
=380  \\$aArtykuły
=546  \\$aStreszcz. ang.
=600  07$aJezus Chrystus$xw literaturze rosyjskiej.$2DBN
=600  17$aDostoyevsky, Fyodor$d(1821-1881)$2DBN$1http://viaf.org/viaf/104023256
=648  \7$a1801-1900$2DBN
=650  \7$aAntropologia filozoficzna$xhistoria$zRosja$y19 w.$2DBN
=650  \7$aLiteratura rosyjska$xtematyka$y19 w.$2DBN
=650  \7$aRussian literature$2ELB-n
=773  0\$iW:$tStudia Teologiczne : Białystok, Drohiczyn, Łomża.$x0239-801X.$gT. 31 (2013), s. 159-178$sStudia Teologiczne (Białystok)
=902  \\$a171130$c140109$dm$eb$fb$g0
=909  \\$ab0000030445292
=915  \\$aBZCz 2014/01/3283
=916  \\$aPakuza, Joanna
=931  \\$a1(045/046)
=931  \\$a82(091)+82.0(045/046)
=950  \\$uhttps://eu.alma.exlibrisgroup.com/view/uresolver/48OMNIS_NLOP/openurl?u.ignore_date_coverage=true&portfolio_pid=53666093720005066&Force_direct=true$zZobacz w Polonie$853666093720005066
=980  \\$aArtykuły
=995  \\$aPolska Bibliografia Literacka$bPBL 2004-2020: czasopisma
=996  \\$a.b30445292$9local
=998  \\$ao$av$9local
=999  \\$abzcz$bmk$x01$y2014$amerk

