=LDR  02243nab a2200577 i 4500
=001  b0000003044544
=005  20201022130130.7
=008  140109s2012\\\\pl\\\\\\\\\\\|100\0bpol\\
=009  991022497829705066
=015  \\$aBZCz 2014/01/2577
=035  \\$a(EXLNZ-48OMNIS_NETWORK)9910521699405606
=035  \\$a(OCoLC)899900113
=035  \\$a(PL)b0000003044544
=035  \\$a(PL-WaBN)b30445449-48omnis_nlop
=035  \\$a991022497829705066
=035  \\$ab30445449
=040  \\$aWA N$cWA N
=080  \\$a7(045/046)
=080  \\$a821.162.1(091)(045/046)
=080  \\$a929(045/046)
=100  1\$aNasiłowska, Anna$d(1958- )$1http://viaf.org/viaf/84221159
=245  10$aInterdyscyplinarny umysł Stefanii Zahorskiej /$cAnna Nasiłowska.
=260  \\$c2012.
=336  \\$aTekst$btxt$2rdacontent
=337  \\$aBez urządzenia pośredniczącego$bn$2rdamedia
=338  \\$aWolumin$bnc$2rdacarrier
=380  \\$iMajor genre$aLiterature$leng
=380  \\$aArtykuły
=381  \\$iMajor genre$aOther$leng
=520  8\$aMateriały z sesji naukowej "Mężne niewiasty. Historie i paradoksy", Warszawa.
=600  17$aZahorska, Stefania$d(1889-1961)$2DBN$1http://viaf.org/viaf/27115054
=648  \7$a1901-2000$2DBN
=650  \7$aKrytyka artystyczna polska$xhistoria$y20 w.$2DBN
=655  \7$aBiografia$2DBN
=655  \7$aLiteratura polska$xhistoria$y20 w.$2DBN
=773  0\$iW:$tKwartalnik Historii Nauki i Techniki.$x0023-589X.$gR. 57, nr 3/4 (2012), s. 237-246$sKwartalnik Historii Nauki i Techniki
=902  \\$a170217$c140109$dm$eb$fb$g0
=909  \\$ab0000030445449
=915  \\$aBZCz 2014/01/2577
=916  \\$aNasiłowska, Anna   (1958- )
=931  \\$a7(045/046)
=931  \\$a821.162.1(091)(045/046)
=931  \\$a929(045/046)
=950  \\$uhttps://eu.alma.exlibrisgroup.com/view/uresolver/48OMNIS_NLOP/openurl?u.ignore_date_coverage=true&portfolio_pid=53666090510005066&Force_direct=true$zZobacz w Polonie$853666090510005066
=955  \7$aBiografia$2DBN
=955  \7$aLiteratura polska$xhistoria$y20 w.$2DBN
=980  \\$aArtykuły
=995  \\$aPolska Bibliografia Literacka$bPBL 2004-2020: czasopisma
=996  \\$a.b30445449$9local
=998  \\$ao$av$9local
=999  \\$abzcz$bws$cws$x01$y2014$amerk

