=LDR  02023nab a2200493 i 4500
=001  b0000003044553
=005  20201022130239.0
=008  140109s2013\\\\pl\\\\\\\\\\\|000\0\pol\\
=009  991022498169705066
=015  \\$aBZCz 2014/01/3328
=035  \\$a(EXLNZ-48OMNIS_NETWORK)9910107506405606
=035  \\$a(OCoLC)899899791
=035  \\$a(PL)b0000003044553
=035  \\$a(PL-WaBN)b3044553x-48omnis_nlop
=035  \\$a991022498169705066
=035  \\$ab3044553x
=040  \\$aWA N$cWA N
=041  0\$apol$beng
=080  \\$a82(091)+82.0(045/046)
=100  1\$aUczkiewicz, Katarzyna
=245  10$a"O, my umiemy czekać..." :$bprojekt czeskiego odrodzenia narodowego w tetralogii Vladimíra Macury "Ten, který bude" (Ten, który będzie) /$cKatarzyna Uczkiewicz.
=260  \\$c2013.
=336  \\$aTekst$btxt$2rdacontent
=337  \\$aBez urządzenia pośredniczącego$bn$2rdamedia
=338  \\$aWolumin$bnc$2rdacarrier
=380  \\$iMajor genre$aLiterature$leng
=380  \\$aArtykuły
=381  \\$iMajor genre$aOther$leng
=546  \\$aStreszcz. ang.
=600  17$aMacura, Vladimír$d(1945-1999)$2DBN$1http://viaf.org/viaf/115858496
=655  \7$aLiteratura czeska$xhistoria$yod 1945 r.$2DBN
=773  0\$iW:$tActa Universitatis Wratislaviensis. Prace Kulturoznawcze.$x0860-6668.$gNr 15 (2013), s. 149-160$sActa Universitatis Wratislaviensis. Prace Kulturoznawcze
=902  \\$a170217$c140109$dm$eb$fb$g0
=909  \\$ab000003044553x
=915  \\$aBZCz 2014/01/3328
=916  \\$aUczkiewicz, Katarzyna
=931  \\$a82(091)+82.0(045/046)
=950  \\$uhttps://eu.alma.exlibrisgroup.com/view/uresolver/48OMNIS_NLOP/openurl?u.ignore_date_coverage=true&portfolio_pid=53666092160005066&Force_direct=true$zZobacz w Polonie$853666092160005066
=955  \7$aLiteratura czeska$xhistoria$yod 1945 r.$2DBN
=980  \\$aArtykuły
=995  \\$aPolska Bibliografia Literacka$bPBL 2004-2020: czasopisma
=996  \\$a.b3044553x$9local
=998  \\$ao$av$9local
=999  \\$abzcz$bbw$cbw$x01$y2014

