=LDR  02594nab a2200661 i 4500
=001  b0000003044564
=005  20201022130141.3
=008  140109s2012\\\\pl\\\\\\\\\\\|100\0apol\\
=009  991022498659705066
=015  \\$aBZCz 2014/01/4042
=035  \\$a(EXLNZ-48OMNIS_NETWORK)9910289604805606
=035  \\$a(OCoLC)899900101
=035  \\$a(PL)b0000003044564
=035  \\$a(PL-WaBN)b30445644-48omnis_nlop
=035  \\$a991022498659705066
=035  \\$ab30445644
=040  \\$aWA N$cWA N
=080  \\$a61(045/046)
=080  \\$a929(045/046)
=080  \\$a94(045/046)
=080  \\$a94(438).082(045/046)
=100  1\$aPłonka-Syroka, Bożena
=245  10$aProfesor Noemi Wigdorowicz-Makowerowa, autorka pamiętnika z getta warszawskiego /$cBożena Płonka-Syroka.
=260  \\$c2012.
=336  \\$aTekst$btxt$2rdacontent
=337  \\$aBez urządzenia pośredniczącego$bn$2rdamedia
=338  \\$aWolumin$bnc$2rdacarrier
=380  \\$iMajor genre$aLiterature$leng
=380  \\$aArtykuły
=381  \\$iMajor genre$aOther$leng
=520  8\$aMateriały z sesji naukowej "Mężne niewiasty. Historie i paradoksy", Warszawa.
=600  17$aPłonka-Syroka, Bożena$2DBN
=600  17$aWigdorowicz-Makowerowa, Noemi$d(1912-2015)$2DBN$1http://viaf.org/viaf/142646217
=648  \7$a1901-2000$2DBN
=648  \7$a1939-1945$2DBN
=650  \7$aGetto warszawskie$2DBN
=650  \7$aHolokaust$2DBN
=650  \7$aLekarze$zPolska$y1939-1945 r.$2DBN
=650  \7$aŻydzi$zPolska$y1939-1945 r.$2DBN
=655  \7$aPamiętniki polskie$xhistoria$y1939-1945 r.$2DBN
=655  \7$aPamiętniki żydowskie$xhistoria$y1939-1945 r.$2DBN
=773  0\$iW:$tKwartalnik Historii Nauki i Techniki.$x0023-589X.$gR. 57, nr 3/4 (2012), s. 247-256$sKwartalnik Historii Nauki i Techniki
=902  \\$a170710$c140109$dm$eb$fb$g0
=909  \\$ab0000030445644
=915  \\$aBZCz 2014/01/4042
=916  \\$aPłonka-Syroka, Bożena
=931  \\$a61(045/046)
=931  \\$a929(045/046)
=931  \\$a94(045/046)
=931  \\$a94(438).082(045/046)
=950  \\$uhttps://eu.alma.exlibrisgroup.com/view/uresolver/48OMNIS_NLOP/openurl?u.ignore_date_coverage=true&portfolio_pid=53666093480005066&Force_direct=true$zZobacz w Polonie$853666093480005066
=955  \7$aPamiętniki polskie$xhistoria$y1939-1945 r.$2DBN
=955  \7$aPamiętniki żydowskie$xhistoria$y1939-1945 r.$2DBN
=980  \\$aArtykuły
=995  \\$aPolska Bibliografia Literacka$bPBL 2004-2020: czasopisma
=996  \\$a.b30445644$9local
=998  \\$ao$av$9local
=999  \\$abzcz$bws$cws$x01$y2014$amerk

