=LDR  02385nab a2200565 i 4500
=001  b0000003044565
=005  20201022130118.7
=008  140109s2013\\\\pl\\\\\\\\\\\|000\0\pol\\
=009  991022498729705066
=015  \\$aBZCz 2014/01/3186
=035  \\$a(EXLNZ-48OMNIS_NETWORK)9910389208405606
=035  \\$a(OCoLC)899900172
=035  \\$a(PL)b0000003044565
=035  \\$a(PL-WaBN)b30445656-48omnis_nlop
=035  \\$a991022498729705066
=035  \\$ab30445656
=040  \\$aWA N$cWA N
=041  0\$apol$beng
=080  \\$a82(091)+82.0(045/046)
=100  1\$aBarbaruk, Magdalena$d(1981- )$1http://viaf.org/viaf/250278410
=245  10$aO przyszłości "Trasy Don Kichota" i krajobrazu mancyjskiego /$cMagdalena Barbaruk.
=260  \\$c2013.
=336  \\$aTekst$btxt$2rdacontent
=337  \\$aBez urządzenia pośredniczącego$bn$2rdamedia
=338  \\$aWolumin$bnc$2rdacarrier
=380  \\$iMajor genre$aLiterature$leng
=380  \\$aArtykuły
=381  \\$iMajor genre$aFiction$leng
=546  \\$aStreszcz. ang.
=600  07$aDon Kichot$c(postać fikcyjna)$2DBN
=600  17$aCervantes Saavedra, Miguel de$d(1547-1616)$tDon Quijote de la Mancha$2DBN$1http://viaf.org/viaf/17220427
=648  \7$a1601-1700$2DBN
=651  \7$aLa Mancha (Hiszpania)$xpodróżnictwo$2DBN
=651  \7$aLa Mancha (Hiszpania)$xw literaturze hiszpańskiej$2DBN
=655  \7$aPowieść hiszpańska$xhistoria$y17 w.$2DBN
=773  0\$iW:$tActa Universitatis Wratislaviensis. Prace Kulturoznawcze.$x0860-6668.$gNr 15 (2013), s. 171-185$sActa Universitatis Wratislaviensis. Prace Kulturoznawcze
=902  \\$a170220$c140109$dm$eb$fb$g0
=909  \\$ab0000030445656
=915  \\$aBZCz 2014/01/3186
=916  \\$aBarbaruk, Magdalena   (1981- )
=931  \\$a82(091)+82.0(045/046)
=950  \\$uhttps://eu.alma.exlibrisgroup.com/view/uresolver/48OMNIS_NLOP/openurl?u.ignore_date_coverage=true&portfolio_pid=53666091440005066&Force_direct=true$zZobacz w Polonie$853666091440005066
=951  \7$aLa Mancha (Hiszpania)$xpodróżnictwo$2DBN
=951  \7$aLa Mancha (Hiszpania)$xw literaturze hiszpańskiej$2DBN
=955  \7$aPowieść hiszpańska$xhistoria$y17 w.$2DBN
=980  \\$aArtykuły
=995  \\$aPolska Bibliografia Literacka$bPBL 2004-2020: czasopisma
=996  \\$a.b30445656$9local
=998  \\$ao$av$9local
=999  \\$abzcz$bbw$cbw$x01$y2014

