=LDR  02115nab a2200517 i 4500
=001  b0000003044586
=005  20201022130044.2
=008  140109s2013\\\\pl\\\\\\\\\\\|000\0\pol\\
=009  991022499599705066
=015  \\$aBZCz 2014/01/3299
=035  \\$a(EXLNZ-48OMNIS_NETWORK)9910252950305606
=035  \\$a(OCoLC)899900211
=035  \\$a(PL)b0000003044586
=035  \\$a(PL-WaBN)b30445863-48omnis_nlop
=035  \\$a991022499599705066
=035  \\$ab30445863
=040  \\$aWA N$cWA N
=041  0\$apol$beng
=080  \\$a82(091)+82.0(045/046)
=100  1\$aRibčin'ska, Zorâna Bogdanìvna
=245  10$aDynamiczny model kultury futuryzmu ukraińskiego :$b"przyszłość teraźniejszości" w manifestach Mychajla Semenki /$cZoriana Rybczyńska.
=260  \\$c2013.
=336  \\$aTekst$btxt$2rdacontent
=337  \\$aBez urządzenia pośredniczącego$bn$2rdamedia
=338  \\$aWolumin$bnc$2rdacarrier
=380  \\$iMajor genre$aLiterature$leng
=380  \\$aArtykuły
=381  \\$iMajor genre$aLyrical poetry$leng
=546  \\$aStreszcz. ang.
=600  17$aSemenko, Mykhaĭlʹ$d(1892-1937)$2DBN$1http://viaf.org/viaf/120784340
=648  \7$a1901-2000$2DBN
=650  \7$aFuturyzm$xliteratura ukraińska$2DBN
=655  \7$aPoezja ukraińska$xhistoria$y20 w.$2DBN
=773  0\$iW:$tActa Universitatis Wratislaviensis. Prace Kulturoznawcze.$x0860-6668.$gNr 15 (2013), s. 187-195$sActa Universitatis Wratislaviensis. Prace Kulturoznawcze
=902  \\$a170217$c140109$dm$eb$fb$g0
=909  \\$ab0000030445863
=915  \\$aBZCz 2014/01/3299
=916  \\$aRibčin'ska, Zorâna Bogdanìvna
=931  \\$a82(091)+82.0(045/046)
=950  \\$uhttps://eu.alma.exlibrisgroup.com/view/uresolver/48OMNIS_NLOP/openurl?u.ignore_date_coverage=true&portfolio_pid=53660138270005066&Force_direct=true$zZobacz w Polonie$853660138270005066
=955  \7$aPoezja ukraińska$xhistoria$y20 w.$2DBN
=980  \\$aArtykuły
=995  \\$aPolska Bibliografia Literacka$bPBL 2004-2020: czasopisma
=996  \\$a.b30445863$9local
=998  \\$ao$av$9local
=999  \\$abzcz$bbw$cbw$x01$y2014

