=LDR  02260nab a2200565 i 4500
=001  b0000003044591
=005  20201022130249.8
=008  140109s2012\\\\pl\\\\\\\\\\\|000\0apol\\
=009  991022499819705066
=015  \\$aBZCz 2014/01/2236
=035  \\$a(EXLNZ-48OMNIS_NETWORK)9910226735405606
=035  \\$a(OCoLC)899900258
=035  \\$a(PL)b0000003044591
=035  \\$a(PL-WaBN)b30445917-48omnis_nlop
=035  \\$a991022499819705066
=035  \\$ab30445917
=040  \\$aWA N$cWA N
=080  \\$a56/59(045/046)
=080  \\$a929(045/046)
=100  1\$aSzer, Włodzimierz$d(1924-2013)$1http://viaf.org/viaf/305952340
=245  10$aLata 60. w biologii molekularnej w PRL i w Nowym Jorku /$cWłodzimeirz Szer.
=260  \\$c2012.
=336  \\$aTekst$btxt$2rdacontent
=337  \\$aBez urządzenia pośredniczącego$bn$2rdamedia
=338  \\$aWolumin$bnc$2rdacarrier
=380  \\$iMajor genre$aLiterature$leng
=380  \\$aArtykuły
=381  \\$iMajor genre$aOther$leng
=500  \\$aFragm. ksiażki "Do naszych dzieci".
=600  17$aOchoa, Severo$d(1905-1993)$2DBN$1http://viaf.org/viaf/24748480
=600  17$aSzer, Włodzimierz$d(1924-2013)$2DBN$1http://viaf.org/viaf/305952340
=648  \7$a1901-2000$2DBN
=648  \7$a1945-1989$2DBN
=650  \7$aBiologia molekularna$xhistoria$zPolska$2DBN
=650  \7$aBiologia molekularna$xhistoria$zStany Zjednoczone$2DBN
=655  \7$aPamiętniki polskie$y1956-1989 r.$2DBN
=773  0\$iW:$tKwartalnik Historii Nauki i Techniki.$x0023-589X.$gR. 57, nr 3/4 (2012), s. 269-277$sKwartalnik Historii Nauki i Techniki
=902  \\$a170217$c140109$dm$eb$fb$g0
=909  \\$ab0000030445917
=915  \\$aBZCz 2014/01/2236
=916  \\$aSzer, Włodzimierz   (1924-2013)
=931  \\$a56/59(045/046)
=931  \\$a929(045/046)
=950  \\$uhttps://eu.alma.exlibrisgroup.com/view/uresolver/48OMNIS_NLOP/openurl?u.ignore_date_coverage=true&portfolio_pid=53660139830005066&Force_direct=true$zZobacz w Polonie$853660139830005066
=955  \7$aPamiętniki polskie$y1956-1989 r.$2DBN
=980  \\$aArtykuły
=995  \\$aPolska Bibliografia Literacka$bPBL 2004-2020: czasopisma
=996  \\$a.b30445917$9local
=998  \\$ao$av$9local
=999  \\$abzcz$bws$cws$x01$y2014$amerk

