=LDR  01785nab a2200457 i 4500
=001  b0000003044593
=005  20201022130118.7
=008  140109s2013\\\\pl\\\\\\\\\\\|000\0\pol\\
=009  991022499899705066
=015  \\$aBZCz 2014/01/2569
=035  \\$a(EXLNZ-48OMNIS_NETWORK)9910388898205606
=035  \\$a(OCoLC)899900245
=035  \\$a(PL)b0000003044593
=035  \\$a(PL-WaBN)b30445930-48omnis_nlop
=035  \\$a991022499899705066
=035  \\$ab30445930
=040  \\$aWA N$cWA N
=041  0\$apol$beng
=080  \\$a7(045/046)
=100  1\$aKościelak, Elżbieta
=245  10$aAwangarda - wizja przyszłości czy jej złudzenie? :$bczyli dlaczego sztuka europejska zrezygnowała z awangardy /$cElżbieta Kościelak.
=260  \\$c2013.
=336  \\$aTekst$btxt$2rdacontent
=337  \\$aBez urządzenia pośredniczącego$bn$2rdamedia
=338  \\$aWolumin$bnc$2rdacarrier
=380  \\$aArtykuły
=546  \\$aStreszcz. ang.
=650  \7$aAwangarda (kierunek artystyczno-literacki)$2DBN
=650  \7$aHistoria sztuki$2DBN
=773  0\$iW:$tActa Universitatis Wratislaviensis. Prace Kulturoznawcze.$x0860-6668.$gNr 15 (2013), s. 197-201$sActa Universitatis Wratislaviensis. Prace Kulturoznawcze
=902  \\$a170310$c140109$dm$eb$fb$g0
=909  \\$ab0000030445930
=915  \\$aBZCz 2014/01/2569
=916  \\$aKościelak, Elżbieta
=931  \\$a7(045/046)
=950  \\$uhttps://eu.alma.exlibrisgroup.com/view/uresolver/48OMNIS_NLOP/openurl?u.ignore_date_coverage=true&portfolio_pid=53660138000005066&Force_direct=true$zZobacz w Polonie$853660138000005066
=980  \\$aArtykuły
=995  \\$aPolska Bibliografia Literacka$bPBL 2004-2020: czasopisma
=996  \\$a.b30445930$9local
=998  \\$ao$av$9local
=999  \\$abzcz$bbw$cbw$x01$y2014

