=LDR  02131nab a2200505 i 4500
=001  b0000003044615
=005  20201022130120.0
=008  140109s2013\\\\pl\\\\\\\\\\\|000\0\pol\\
=009  991022500749705066
=015  \\$aBZCz 2014/01/3359
=035  \\$a(EXLNZ-48OMNIS_NETWORK)9910491930305606
=035  \\$a(OCoLC)899900318
=035  \\$a(PL)b0000003044615
=035  \\$a(PL-WaBN)b30446156-48omnis_nlop
=035  \\$a991022500749705066
=035  \\$ab30446156
=040  \\$aWA N$cWA N
=080  \\$a004(045/046)
=080  \\$a80/81(045/046)
=080  \\$a821.162.1(091)(045/046)
=100  1\$aBędkowski, Marcin
=245  10$aJadwiga Puzynina, Tomasz Korpysz "Internetowy Słownik Języka Cypriana Norwida", Warszawa, 2009- :$bsłowniki dawne i współczesne /$cMarcin Będkowski.
=260  \\$c2013.
=336  \\$aTekst$btxt$2rdacontent
=337  \\$aBez urządzenia pośredniczącego$bn$2rdamedia
=338  \\$aWolumin$bnc$2rdacarrier
=380  \\$aArtykuły
=600  17$aKorpysz, Tomasz$d(1972- )$tInternetowy słownik języka Cypriana Norwida$2DBN$1http://viaf.org/viaf/7613268
=600  17$aNorwid, Cyprian$d(1821-1883)$xjęzyk$2DBN$1http://viaf.org/viaf/95155044
=600  17$aPuzynina, Jadwiga$d(1928- )$tInternetowy słownik języka Cypriana Norwida$2DBN$1http://viaf.org/viaf/24646806
=650  \7$aSłowniki polskie$xstrony WWW$2DBN
=773  0\$iW:$tPoradnik Językowy (Kraków ; 1919).$x0551-5343.$g2013, z. 3. s. 92-96$sPoradnik Językowy (1919)
=902  \\$a180204$c140109$dm$eb$fb$g0
=909  \\$ab0000030446156
=915  \\$aBZCz 2014/01/3359
=916  \\$aBędkowski, Marcin
=931  \\$a004(045/046)
=931  \\$a80/81(045/046)
=931  \\$a821.162.1(091)(045/046)
=950  \\$uhttps://eu.alma.exlibrisgroup.com/view/uresolver/48OMNIS_NLOP/openurl?u.ignore_date_coverage=true&portfolio_pid=53660111300005066&Force_direct=true$zZobacz w Polonie$853660111300005066
=980  \\$aArtykuły
=995  \\$aPolska Bibliografia Literacka$bPBL 2004-2020: czasopisma
=996  \\$a.b30446156$9local
=998  \\$ao$av$9local
=999  \\$abzcz$bjds$cjds$x01$y2014$amerk

