=LDR  01975nab a2200517 i 4500
=001  b0000003044625
=005  20210211074725.0
=008  140109s2013\\\\pl\\\\\\\\\\\|000\0\pol\\
=009  991022501109705066
=015  \\$aBZCz 2014/01/2553
=035  \\$a(EXLNZ-48OMNIS_NETWORK)9910094002405606
=035  \\$a(OCoLC)899900352
=035  \\$a(PL)b0000003044625
=035  \\$a(PL-WaBN)b30446259-48omnis_nlop
=035  \\$a991022501109705066
=035  \\$ab30446259
=040  \\$aWA N$cWA N$dWA N
=041  0\$apol$beng
=080  \\$a7(045/046)
=100  1\$aDancewicz, Małgorzata
=245  10$aEstetyka i etyka performansów ORLAN jako odpowiedź na idealizację ciała w kulturze przyszłości /$cMałgorzata Dancewicz.
=260  \\$c2013.
=336  \\$aTekst$btxt$2rdacontent
=337  \\$aBez urządzenia pośredniczącego$bn$2rdamedia
=338  \\$aWolumin$bnc$2rdacarrier
=380  \\$aArtykuły
=546  \\$aStreszcz. ang.
=600  07$aOrlan$d(1947- )$2DBN$1http://viaf.org/viaf/96594656
=650  \7$aCiało ludzkie$2DBN
=650  \7$aPerformance francuski$xhistoria$2DBN
=650  \7$aSztuka francuska$2DBN
=650  \7$aTematy i motywy$2DBN
=658  \\$aKultura i sztuka
=773  0\$iW:$tActa Universitatis Wratislaviensis. Prace Kulturoznawcze.$x0860-6668.$gNr 15 (2013), s. 271-279$sActa Universitatis Wratislaviensis. Prace Kulturoznawcze
=902  \\$a170923$c140109$dm$eb$fb$g0
=909  \\$ab0000030446259
=915  \\$aBZCz 2014/01/2553
=916  \\$aDancewicz, Małgorzata
=931  \\$a7(045/046)
=950  \\$uhttps://eu.alma.exlibrisgroup.com/view/uresolver/48OMNIS_NLOP/openurl?u.ignore_date_coverage=true&portfolio_pid=53660139140005066&Force_direct=true$zZobacz w Polonie$853660139140005066
=958  \\$aKultura i sztuka
=980  \\$aArtykuły
=995  \\$aPolska Bibliografia Literacka$bPBL 2004-2020: czasopisma
=996  \\$a.b30446259$9local
=998  \\$ao$av$9local
=999  \\$abzcz$bbw$cbw$x01$y2014

