=LDR  01955nab a2200505 i 4500
=001  b0000003044626
=005  20201022130320.6
=008  140109s2013\\\\pl\\\\\\\\\\\|000\0apol\\
=009  991022501129705066
=015  \\$aBZCz 2014/01/2976
=035  \\$a(EXLNZ-48OMNIS_NETWORK)9910189185305606
=035  \\$a(OCoLC)899899634
=035  \\$a(PL)b0000003044626
=035  \\$a(PL-WaBN)b30446260-48omnis_nlop
=035  \\$a991022501129705066
=035  \\$ab30446260
=040  \\$aWA N$cWA N
=080  \\$a80/81(045/046)
=080  \\$a929(045/046)
=100  1\$aDubisz, Stanisław$d(1949- )$1http://viaf.org/viaf/110847529
=245  10$aPamięć o nieobecnych :$bprof. dr hab. Halina Rybicka-Nowacka (23 VII 1929-11 V 1992) /$cStanisław Dubisz.
=260  \\$c2013.
=336  \\$aTekst$btxt$2rdacontent
=337  \\$aBez urządzenia pośredniczącego$bn$2rdamedia
=338  \\$aWolumin$bnc$2rdacarrier
=380  \\$iMajor genre$aLiterature$leng
=380  \\$aArtykuły
=381  \\$iMajor genre$aOther$leng
=600  17$aRybicka-Nowacka, Halina$d(1929-1992)$2DBN$1http://viaf.org/viaf/71432510
=650  \7$aJęzykoznawcy$zPolska$yod 1944 r.$2DBN
=655  \7$aBiografia$2DBN
=773  0\$iW:$tPoradnik Językowy (Kraków ; 1919).$x0551-5343.$g2013, z. 3. s. 113-116$sPoradnik Językowy (1919)
=902  \\$a170217$c140109$dm$eb$fb$g0
=909  \\$ab0000030446260
=915  \\$aBZCz 2014/01/2976
=916  \\$aDubisz, Stanisław   (1949- )
=931  \\$a80/81(045/046)
=931  \\$a929(045/046)
=950  \\$uhttps://eu.alma.exlibrisgroup.com/view/uresolver/48OMNIS_NLOP/openurl?u.ignore_date_coverage=true&portfolio_pid=53660138990005066&Force_direct=true$zZobacz w Polonie$853660138990005066
=955  \7$aBiografia$2DBN
=980  \\$aArtykuły
=995  \\$aPolska Bibliografia Literacka$bPBL 2004-2020: czasopisma
=996  \\$a.b30446260$9local
=998  \\$ao$av$9local
=999  \\$abzcz$bjds$cjds$x01$y2014$amerk

