=LDR  02227nab a2200589 i 4500
=001  b0000003044634
=005  20201022130525.0
=008  140109s2012\\\\pl\\\\\\\\\\\|000\0\pol\\
=009  991022501429705066
=015  \\$aBZCz 2014/01/3343
=035  \\$a(EXLNZ-48OMNIS_NETWORK)9910229322705606
=035  \\$a(OCoLC)899900367
=035  \\$a(PL)b0000003044634
=035  \\$a(PL-WaBN)b3044634x-48omnis_nlop
=035  \\$a991022501429705066
=035  \\$ab3044634x
=040  \\$aWA N$cWA N
=080  \\$a00(045/046)
=080  \\$a82(091)+82.0(045/046)
=100  1\$aZamecki, Stefan$d(1936- )$1http://viaf.org/viaf/29577175
=245  10$aWokół naukoznawczych aforyzmów Williama Whewella (1794-1866) /$cStefan Zamecki.
=260  \\$c2012.
=336  \\$aTekst$btxt$2rdacontent
=337  \\$aBez urządzenia pośredniczącego$bn$2rdamedia
=338  \\$aWolumin$bnc$2rdacarrier
=380  \\$iMajor genre$aLiterature$leng
=380  \\$aArtykuły
=380  \\$aProza
=381  \\$iMajor genre$aFiction$leng
=388  1\$a1801-1900
=520  8\$aUzupełnienie do książki "Komentarze do naukoznawczych poglądów Williama Whewella (1794-1866)".
=600  17$aWhewell, William$d(1794-1866)$2DBN$1http://viaf.org/viaf/29606152
=650  \7$aAforyzmy$2DBN
=650  \7$aNaukoznawstwo$2DBN
=651  \7$aWielka Brytania$2DBN
=658  \\$aLiteraturoznawstwo
=773  0\$iW:$tKwartalnik Historii Nauki i Techniki.$x0023-589X.$gR. 57, nr 3/4 (2012), s. 285-324$sKwartalnik Historii Nauki i Techniki
=902  \\$a180806$c140109$dm$eb$fb$g0
=909  \\$ab000003044634x
=915  \\$aBZCz 2014/01/3343
=916  \\$aZamecki, Stefan   (1936- )
=931  \\$a00(045/046)
=931  \\$a82(091)+82.0(045/046)
=950  \\$uhttps://eu.alma.exlibrisgroup.com/view/uresolver/48OMNIS_NLOP/openurl?u.ignore_date_coverage=true&portfolio_pid=53660139560005066&Force_direct=true$zZobacz w Polonie$853660139560005066
=951  \7$aWielka Brytania$2DBN
=958  \\$aLiteraturoznawstwo
=980  \\$aArtykuły
=980  \\$aProza
=995  \\$aPolska Bibliografia Literacka$bPBL 2004-2020: czasopisma
=996  \\$a.b3044634x$9local
=998  \\$ao$av$9local
=999  \\$abzcz$bws$cws$x01$y2014$amerk

