=LDR  02006nab a2200541 i 4500
=001  b0000003044690
=005  20200501071354.1
=008  140110s2013\\\\pl\\\\\\\\\\\|000\0\ger\\
=009  991022503579705066
=015  \\$aBZCz 2014/01/3347
=035  \\$a(EXLNZ-48OMNIS_NETWORK)9910061869905606
=035  \\$a(OCoLC)899900587
=035  \\$a(PL)b0000003044690
=035  \\$a(PL-WaBN)b30446909-48omnis_nlop
=035  \\$a991022503579705066
=035  \\$ab30446909
=040  \\$aWA N$cWA N
=041  0\$ager$beng
=080  \\$a82(091)+82.0(045/046)
=100  1\$aŻarska, Natalia
=245  14$aDer Zobtenberg-Garten und Eichendorffs frühe Raumkonzepte /$cNatalia Żarska.
=260  \\$c2013.
=336  \\$aTekst$btxt$2rdacontent
=337  \\$aBez urządzenia pośredniczącego$bn$2rdamedia
=338  \\$aWolumin$bnc$2rdacarrier
=380  \\$iMajor genre$aLiterature$leng
=380  \\$aArtykuły
=381  \\$iMajor genre$aOther$leng
=504  \\$aBibliogr.
=546  \\$aStreszcz. ang.
=600  17$aEichendorff, Joseph von$d(1788-1857)$tTagebücher$2DBN$1http://viaf.org/viaf/7399816
=648  \7$a1801-1900$2DBN
=650  \7$aPrzestrzeń$xw literaturze niemieckiej$2DBN
=651  \7$aŚlężański Park Krajobrazowy$xw literaturze niemieckiej$2DBN
=655  \7$aPamiętniki niemieckie$xtematyka$2DBN
=773  0\$iW:$tGermanica Wratislaviensia.$x0435-5865.$gNr 138 (2013), s. 10-26$sActa Universitatis Wratislaviensis. Germanica Wratislaviensia
=902  \\$a170217$c140110$dm$eb$fb$g4
=909  \\$ab0000030446909
=915  \\$aBZCz 2014/01/3347
=916  \\$aŻarska, Natalia
=931  \\$a82(091)+82.0(045/046)
=951  \7$aŚlężański Park Krajobrazowy$xw literaturze niemieckiej$2DBN
=955  \7$aPamiętniki niemieckie$xtematyka$2DBN
=980  \\$aArtykuły
=995  \\$aPolska Bibliografia Literacka$bPBL 2004-2020: czasopisma
=996  \\$a.b30446909$9local
=998  \\$ao$av$9local
=999  \\$abzcz$bpg$x01$y2014$amerk$xpoprawione

