=LDR  02612nab a2200625 i 4500
=001  b0000003044697
=005  20200502060030.2
=008  140110s2013\\\\pl\\\\\\\\\\\|000\0\ger\\
=009  991022503839705066
=015  \\$aBZCz 2014/01/3289
=035  \\$a(EXLNZ-48OMNIS_NETWORK)9910439457205606
=035  \\$a(OCoLC)899900513
=035  \\$a(PL)b0000003044697
=035  \\$a(PL-WaBN)b30446971-48omnis_nlop
=035  \\$a991022503839705066
=035  \\$ab30446971
=040  \\$aWA N$cWA N
=041  0\$ager$beng
=080  \\$a792(045/046)
=080  \\$a82(091)+82.0(045/046)
=100  1\$aPilipowicz, Andrzej
=245  10$aAllusion statt Illusion :$bdie Konzeption des Kaiser-Karl-V.-Geistes im Drama "Don Karlos" von Friedrich Schiller und im Libretto von Josèphe Méry und Camille du Locle zur Oper "Don Carlos" von Giuseppe Verdi /$cAndrzej Pilipowicz.
=260  \\$c2013.
=336  \\$aTekst$btxt$2rdacontent
=337  \\$aBez urządzenia pośredniczącego$bn$2rdamedia
=338  \\$aWolumin$bnc$2rdacarrier
=380  \\$iMajor genre$aLiterature$leng
=380  \\$aArtykuły
=381  \\$iMajor genre$aDrama$leng
=504  \\$aBibliogr.
=546  \\$aStreszcz. ang.
=600  07$aKarol$bV$c(cesarz rzymsko-niemiecki ;$d1500-1558)$xw literaturze francuskiej$2DBN
=600  07$aKarol$bV$c(cesarz rzymsko-niemiecki ;$d1500-1558)$xw literaturze niemieckiej$2DBN
=600  17$aDu Locle, Camille$d(1832-1903)$tDon Carlos$2DBN$1http://viaf.org/viaf/22141154
=600  17$aMéry, Joseph$d(1797-1866).$tDon Carlos$2DBN$1http://viaf.org/viaf/6983147270568835700001/
=600  17$aSchiller, Friedrich$d(1759-1805)$tDon Carlos$2DBN$1http://viaf.org/viaf/96994450
=600  17$aVerdi, Giuseppe$d(1813-1901)$tDon Carlos$2DBN$1http://viaf.org/viaf/22329110
=648  \7$a1701-1800$2DBN
=648  \7$a1801-1900$2DBN
=650  \7$aLibretto francuskie$xtematyka$2DBN
=650  \7$aOpera$xtematyka$zWłochy$y19 w.$2DBN
=655  \7$aDramat niemiecki$xtematyka$y18 w.$2DBN
=773  0\$iW:$tGermanica Wratislaviensia.$x0435-5865.$gNr 138 (2013), s. 27-40$sActa Universitatis Wratislaviensis. Germanica Wratislaviensia
=902  \\$a170312$c140110$dm$eb$fb$g0
=909  \\$ab0000030446971
=915  \\$aBZCz 2014/01/3289
=916  \\$aPilipowicz, Andrzej
=931  \\$a792(045/046)
=931  \\$a82(091)+82.0(045/046)
=955  \7$aDramat niemiecki$xtematyka$y18 w.$2DBN
=980  \\$aArtykuły
=995  \\$aPolska Bibliografia Literacka$bPBL 2004-2020: czasopisma
=996  \\$a.b30446971$9local
=998  \\$ao$av$9local
=999  \\$abzcz$bpg$x01$y2014$amerk$xpoprawione

