=LDR  01735nab a2200505 i 4500
=001  b0000003044703
=005  20200502060123.3
=008  140110s2013\\\\pl\\\\\\\\\\\|000\1\pol\\
=009  991022504069705066
=015  \\$aBZCz 2014/01/3571
=035  \\$a(EXLNZ-48OMNIS_NETWORK)9910429976705606
=035  \\$a(OCoLC)899900632
=035  \\$a(PL)b0000003044703
=035  \\$a(PL-WaBN)b30447033-48omnis_nlop
=035  \\$a991022504069705066
=035  \\$ab30447033
=040  \\$aWA N$cWA N
=041  1\$apol$hrus
=080  \\$a82-1/-9(045/046)
=100  1\$aČigrin, Evgenij Mihajlovič$d(1961- )$1http://viaf.org/viaf/307483232
=245  10$aJabuticaba /$cJewgienij Czigrin ; tł. z ros. Wladimir Sztokman.
=260  \\$c2013.
=336  \\$aTekst$btxt$2rdacontent
=337  \\$aBez urządzenia pośredniczącego$bn$2rdamedia
=338  \\$aWolumin$bnc$2rdacarrier
=380  \\$iMajor genre$aLiterature$leng
=380  \\$aArtykuły
=381  \\$iMajor genre$aLyrical poetry$leng
=388  1\$a2001-
=655  \7$aPoezja rosyjska$y21 w.$2DBN
=700  1\$aStockman, Vladimir$d(1960- )$eTł.$1http://viaf.org/viaf/162310297
=773  0\$iW:$tTopos.$x1230-8943.$gR. 20, nr 6 (2013), s. 96-97$sTopos (Sopot)
=902  \\$a170217$c140110$dm$eb$fb$g0
=909  \\$ab0000030447033
=915  \\$aBZCz 2014/01/3571
=916  \\$aČigrin, Evgenij Mihajlovič   (1961-  )
=918  1\$aStockman, Vladimir$d(1960- )
=931  \\$a82-1/-9(045/046)
=955  \7$aPoezja rosyjska$y21 w.$2DBN
=980  \\$aArtykuły
=995  \\$aPolska Bibliografia Literacka$bPBL 2004-2020: czasopisma
=996  \\$a.b30447033$9local
=998  \\$ao$av$9local
=999  \\$aDBNd$bjka$xpoprawione
=999  \\$abzcz$baw$caw$x01$y2014

