=LDR  01937nab a2200565 i 4500
=001  b0000003044705
=005  20200502060141.1
=008  140110s2013\\\\pl\\\\\\\\\\\|000\0\pol\\
=009  991022504139705066
=015  \\$aBZCz 2014/01/3384
=035  \\$a(EXLNZ-48OMNIS_NETWORK)9910356193805606
=035  \\$a(OCoLC)899900662
=035  \\$a(PL)b0000003044705
=035  \\$a(PL-WaBN)b30447057-48omnis_nlop
=035  \\$a991022504139705066
=035  \\$ab30447057
=040  \\$aWA N$cWA N
=080  \\$a050+070(045/046)
=080  \\$a82(091)+82.0(045/046)
=080  \\$a821.162.1(091)(045/046)
=100  1\$aDybciak, Krzysztof$d(1948- )$1http://viaf.org/viaf/89690281
=245  10$aLaudacja na 20-lecie dwumiesięcznika "Topos" z Sopotu /$cKrzysztof Dybciak.
=260  \\$c2013.
=336  \\$aTekst$btxt$2rdacontent
=337  \\$aBez urządzenia pośredniczącego$bn$2rdamedia
=338  \\$aWolumin$bnc$2rdacarrier
=380  \\$iMajor genre$aLiterature$leng
=380  \\$aArtykuły
=381  \\$iMajor genre$aOther$leng
=630  07$aTopos (czasopismo)$2DBN
=648  \7$a2001-$2DBN
=655  \7$aCzasopisma literackie polskie$xhistoria$yod 1989 r.$2DBN
=655  \7$aMowy polskie$y21 w.$2DBN
=773  0\$iW:$tTopos.$x1230-8943.$gR. 20, nr 6 (2013), s. 13-16$sTopos (Sopot)
=902  \\$a170317$c140110$dm$eb$fb$g0
=909  \\$ab0000030447057
=915  \\$aBZCz 2014/01/3384
=916  \\$aDybciak, Krzysztof   (1948- )
=930  07$aTopos (czasopismo)$2DBN
=931  \\$a050+070(045/046)
=931  \\$a82(091)+82.0(045/046)
=931  \\$a821.162.1(091)(045/046)
=955  \7$aCzasopisma literackie polskie$xhistoria$yod 1989 r.$2DBN
=955  \7$aMowy polskie$y21 w.$2DBN
=980  \\$aArtykuły
=995  \\$aPolska Bibliografia Literacka$bPBL 2004-2020: czasopisma
=996  \\$a.b30447057$9local
=998  \\$ao$av$9local
=999  \\$aDBNd$bjka$xpoprawione
=999  \\$abzcz$bkw$x01$y2014

