=LDR  01700nab a2200457 i 4500
=001  b0000003044707
=005  20200502060015.8
=008  140110s2013\\\\pl\\\\\\\\\\\|000\0\pol\\
=009  991022504209705066
=015  \\$aBZCz 2014/01/3534
=035  \\$a(EXLNZ-48OMNIS_NETWORK)9910522191205606
=035  \\$a(OCoLC)899900665
=035  \\$a(PL)b0000003044707
=035  \\$a(PL-WaBN)b30447070-48omnis_nlop
=035  \\$a991022504209705066
=035  \\$ab30447070
=040  \\$aWA N$cWA N
=080  \\$a821.162.1(091)(045/046)
=100  1\$aTkaczuk, Wacław$d(1942-2018)$1http://viaf.org/viaf/164227654
=245  10$a[Świętujemy dwudziestolecie dwumiesięcznika "Topos"] /$cWacław Tkaczuk.
=260  \\$c2013.
=336  \\$aTekst$btxt$2rdacontent
=337  \\$aBez urządzenia pośredniczącego$bn$2rdamedia
=338  \\$aWolumin$bnc$2rdacarrier
=380  \\$iMajor genre$aLiterature$leng
=380  \\$aArtykuły
=381  \\$iMajor genre$aLyrical poetry$leng
=520  8\$aPoszerzona wersja mowy wygłoszonej na IX Ogólnopolskim Konkursie im. Rainera Marii Rilkego.
=655  \7$aPoezja polska$xkonkursy i festiwale$yod 1989 r.$2DBN
=773  0\$iW:$tTopos.$x1230-8943.$gR. 20, nr 6 (2013), s. 17-21$sTopos (Sopot)
=902  \\$a180105$c140110$dm$eb$fb$g0
=909  \\$ab0000030447070
=915  \\$aBZCz 2014/01/3534
=916  \\$aTkaczuk, Wacław   (1942-2018)
=931  \\$a821.162.1(091)(045/046)
=955  \7$aPoezja polska$xkonkursy i festiwale$yod 1989 r.$2DBN
=980  \\$aArtykuły
=995  \\$aPolska Bibliografia Literacka$bPBL 2004-2020: czasopisma
=996  \\$a.b30447070$9local
=998  \\$ao$av$9local
=999  \\$abzcz$bkw$caw$x01$y2014$xpoprawione

