=LDR  02183nab a2200541 i 4500
=001  b0000003044709
=005  20201006051136.4
=008  140110s2013\\\\pl\\\\\\\\\\\|000\0\ger\\
=009  991022504299705066
=015  \\$aBZCz 2014/01/3223
=035  \\$a(EXLNZ-48OMNIS_NETWORK)9910272052805606
=035  \\$a(OCoLC)899900520
=035  \\$a(PL)b0000003044709
=035  \\$a(PL-WaBN)b30447094-48omnis_nlop
=035  \\$a991022504299705066
=035  \\$ab30447094
=040  \\$aWA N$cWA N$dWA N
=041  0\$ager$beng
=080  \\$a82(091)+82.0(045/046)
=100  1\$aHernik-Młodzianowska, Monika$d(1977- )$1http://viaf.org/viaf/81893163
=245  10$a"Jede Zeile, die ich jetzt noch scheibe, wird gegen mich verwendet werden" :$bzur Inszenierung von autobiographischer Erinnerung in Christa Wolfs "Stadt der Engel oder The Overcoat of Dr. Freud" /$cMonika Hernik-Młodzianowska.
=260  \\$c2013.
=336  \\$aTekst$btxt$2rdacontent
=337  \\$aBez urządzenia pośredniczącego$bn$2rdamedia
=338  \\$aWolumin$bnc$2rdacarrier
=380  \\$iMajor genre$aLiterature$leng
=380  \\$aArtykuły
=381  \\$iMajor genre$aFiction$leng
=504  \\$aBibliogr.
=546  \\$aStreszcz. ang.
=600  17$aWolf, Christa$d(1929-2011)$tStadt der Engel oder The Overcoat of Dr. Freud$2DBN$1http://viaf.org/viaf/109289723
=648  \7$a2001-$2DBN
=650  \7$aNarracja$xw literaturze niemieckiej$2DBN
=650  \7$aPamięć$xw literaturze niemieckiej.$2DBN
=650  \7$aMemory$2ELB-g
=655  \7$aPowieść niemiecka$xhistoria$y21 w.$2DBN
=773  0\$iW:$tGermanica Wratislaviensia.$x0435-5865.$gNr 138 (2013), s. 41-53$sActa Universitatis Wratislaviensis. Germanica Wratislaviensia
=902  \\$a170217$c140110$dm$eb$fb$g0
=909  \\$ab0000030447094
=915  \\$aBZCz 2014/01/3223
=916  \\$aHernik-Młodzianowska, Monika   (1977- )
=931  \\$a82(091)+82.0(045/046)
=955  \7$aPowieść niemiecka$xhistoria$y21 w.$2DBN
=980  \\$aArtykuły
=995  \\$aPolska Bibliografia Literacka$bPBL 2004-2020: czasopisma
=996  \\$a.b30447094$9local
=998  \\$ao$av$9local
=999  \\$abzcz$bpg$x01$y2014$amerk$xpoprawione

