=LDR  02098nab a2200553 i 4500
=001  b0000003044710
=005  20200502060021.4
=008  140110s2013\\\\pl\\\\\\\\\\\|000\1\pol\\
=009  991022504339705066
=015  \\$aBZCz 2014/01/3614
=035  \\$a(EXLNZ-48OMNIS_NETWORK)9910033624305606
=035  \\$a(OCoLC)899900521
=035  \\$a(PL)b0000003044710
=035  \\$a(PL-WaBN)b30447100-48omnis_nlop
=035  \\$a991022504339705066
=035  \\$ab30447100
=040  \\$aWA N$cWA N
=080  \\$a821.162.1-1/-9(045/046)
=100  1\$aChojnowski, Zbigniew$d(1962- )$1http://viaf.org/viaf/50173020
=245  10$aTarcza z pajęczyny /$cZbigniew Chojnowski.
=260  \\$c2013.
=336  \\$aTekst$btxt$2rdacontent
=337  \\$aBez urządzenia pośredniczącego$bn$2rdamedia
=338  \\$aWolumin$bnc$2rdacarrier
=380  \\$iMajor genre$aLiterature$leng
=380  \\$aArtykuły
=381  \\$iMajor genre$aLyrical poetry$leng
=388  1\$a2001-
=505  0\$aStwarzanie ; Wiersz ; Poezja ; Poeta ; Czytanie.
=655  \7$aPoezja polska$y21 w.$2DBN
=700  12$aChojnowski, Zbigniew$d(1962- )$tCzytanie$1http://viaf.org/viaf/50173020
=700  12$aChojnowski, Zbigniew$d(1962- )$tPoeta$1http://viaf.org/viaf/50173020
=700  12$aChojnowski, Zbigniew$d(1962- )$tPoezja$1http://viaf.org/viaf/50173020
=700  12$aChojnowski, Zbigniew$d(1962- )$tStwarzanie$1http://viaf.org/viaf/50173020
=700  12$aChojnowski, Zbigniew$d(1962- )$tWiersz$1http://viaf.org/viaf/50173020
=773  0\$iW:$tTopos.$x1230-8943.$gR. 20, nr 6 (2013), s. 25-31$sTopos (Sopot)
=902  \\$a170217$c140110$dm$eb$fb$g0
=909  \\$ab0000030447100
=915  \\$aBZCz 2014/01/3614
=916  \\$aChojnowski, Zbigniew   (1962- )
=918  12$aChojnowski, Zbigniew$d(1962- ).
=931  \\$a821.162.1-1/-9(045/046)
=955  \7$aPoezja polska$y21 w.$2DBN
=980  \\$aArtykuły
=995  \\$aPolska Bibliografia Literacka$bPBL 2004-2020: czasopisma
=996  \\$a.b30447100$9local
=998  \\$ao$av$9local
=999  \\$aDBNd$bjka$xpoprawione
=999  \\$abzcz$bkw$caw$x01$y2014

