=LDR  01856nab a2200481 i 4500
=001  b0000003044715
=005  20200502060143.8
=008  140110s2013\\\\pl\\\\\\\\\\\|000\0\pol\\
=009  991022504539705066
=015  \\$aBZCz 2014/01/3557
=035  \\$a(EXLNZ-48OMNIS_NETWORK)9910511832405606
=035  \\$a(OCoLC)899900680
=035  \\$a(PL)b0000003044715
=035  \\$a(PL-WaBN)b3044715x-48omnis_nlop
=035  \\$a991022504539705066
=035  \\$ab3044715x
=040  \\$aWA N$cWA N
=080  \\$a821.162.1(091)(045/046)
=100  1\$aZarębianka, Zofia$d(1958- )$1http://viaf.org/viaf/101764446
=245  10$aGdy robi się coraz później - łaska bólu przed brzaskiem :$bAnna Kamieńska i Julia Hartwig w wierszach o starości /$cZofia Zarębianka.
=260  \\$c2013.
=336  \\$aTekst$btxt$2rdacontent
=337  \\$aBez urządzenia pośredniczącego$bn$2rdamedia
=338  \\$aWolumin$bnc$2rdacarrier
=380  \\$iMajor genre$aLiterature$leng
=380  \\$aArtykuły
=381  \\$iMajor genre$aLyrical poetry$leng
=600  17$aHartwig, Julia$d(1921-2017)$2DBN$1http://viaf.org/viaf/61572044
=600  17$aKamieńska, Anna$d(1920-1986)$2DBN$1http://viaf.org/viaf/61572156
=650  \7$aStarość$xw literaturze polskiej$2DBN
=655  \7$aPoezja polska$xtematyka$yod 1944 r.$2DBN
=773  0\$iW:$tTopos.$x1230-8943.$gR. 20, nr 6 (2013), s. 99-108$sTopos (Sopot)
=902  \\$a170715$c140110$dm$eb$fb$g0
=909  \\$ab000003044715x
=915  \\$aBZCz 2014/01/3557
=916  \\$aZarębianka, Zofia   (1958- )
=931  \\$a821.162.1(091)(045/046)
=955  \7$aPoezja polska$xtematyka$yod 1944 r.$2DBN
=980  \\$aArtykuły
=995  \\$aPolska Bibliografia Literacka$bPBL 2004-2020: czasopisma
=996  \\$a.b3044715x$9local
=998  \\$ao$av$9local
=999  \\$abzcz$baw$caw$x01$y2014$xpoprawione

