=LDR  01636nab a2200493 i 4500
=001  b0000003044718
=005  20200502060008.5
=008  140110s2013\\\\pl\\\\\\\\\\\|000\0\pol\\
=009  991022504649705066
=015  \\$aBZCz 2014/01/3270
=035  \\$a(EXLNZ-48OMNIS_NETWORK)9910171433705606
=035  \\$a(OCoLC)899900711
=035  \\$a(PL)b0000003044718
=035  \\$a(PL-WaBN)b30447185-48omnis_nlop
=035  \\$a991022504649705066
=035  \\$ab30447185
=040  \\$aWA N$cWA N
=080  \\$a1(045/046)
=080  \\$a82(091)+82.0(045/046)
=100  1\$aMatusz, Sławomir$d(1963- )$1http://viaf.org/viaf/101834413
=245  10$aDusza a człowiek podziemny :$brzecz o pisaniu /$cSławomir Matusz.
=260  \\$c2013.
=336  \\$aTekst$btxt$2rdacontent
=337  \\$aBez urządzenia pośredniczącego$bn$2rdamedia
=338  \\$aWolumin$bnc$2rdacarrier
=380  \\$iMajor genre$aLiterature$leng
=380  \\$aArtykuły
=381  \\$iMajor genre$aLyrical poetry$leng
=655  \7$aPoezja$xfilozofia.$2DBN
=655  \7$aPoezja$xteoria.$2DBN
=773  0\$iW:$tTopos.$x1230-8943.$gR. 20, nr 6 (2013), s. 33-47$sTopos (Sopot)
=902  \\$a170217$c140110$dm$eb$fb$g0
=909  \\$ab0000030447185
=915  \\$aBZCz 2014/01/3270
=916  \\$aMatusz, Sławomir   (1963- )
=931  \\$a1(045/046)
=931  \\$a82(091)+82.0(045/046)
=955  \7$aPoezja$xfilozofia.$2DBN
=955  \7$aPoezja$xteoria.$2DBN
=980  \\$aArtykuły
=995  \\$aPolska Bibliografia Literacka$bPBL 2004-2020: czasopisma
=996  \\$a.b30447185$9local
=998  \\$ao$av$9local
=999  \\$abzcz$bkw$x01$y2014$xpoprawione

