=LDR  02221nab a2200601 i 4500
=001  b0000003044720
=005  20201022130324.3
=008  140110s2013\\\\pl\\\\\\\\\\\|000\0\pol\\
=009  991022504709705066
=015  \\$aBZCz 2014/01/3217
=035  \\$a(EXLNZ-48OMNIS_NETWORK)9910395038505606
=035  \\$a(OCoLC)899900713
=035  \\$a(PL)b0000003044720
=035  \\$a(PL-WaBN)b30447203-48omnis_nlop
=035  \\$a991022504709705066
=035  \\$ab30447203
=040  \\$aWA N$cWA N
=041  0\$apol$beng
=045  2\$bd1801$bd1900
=080  \\$a1(045/046)
=080  \\$a82(091)+82.0(045/046)
=100  1\$aGłąb, Anna$d(1979- )$1http://viaf.org/viaf/107073980
=245  10$aWolność w zdeterminowanym świecie? :$bwątki etyczne w twórczości literackiej George Eliot /$cAnna Głąb.
=260  \\$c2013.
=336  \\$aTekst$btxt$2rdacontent
=337  \\$aBez urządzenia pośredniczącego$bn$2rdamedia
=338  \\$aWolumin$bnc$2rdacarrier
=380  \\$aArtykuły
=546  \\$aStreszcz. ang.
=600  17$aEliot, George$d(1819-1880)$2DBN$1http://viaf.org/viaf/89000553
=648  \7$a1801-1900$2DBN
=650  \7$aDeterminizm i indeterminizm$2DBN
=650  \7$aEtyka$2DBN
=650  \7$aLiteratura angielska$2DBN
=650  \7$aTematy i motywy$2DBN
=650  \7$aWolność$2DBN
=650  \7$aEnglish literature$2ELB-n
=658  \\$aLiteraturoznawstwo
=773  0\$iW:$tStudia Philosophica Wratislaviensia.$x1895-8001.$gVol. 8, fasc. 4 (2013), s. 79-102$sStudia Philosophica Wratislaviensia
=902  \\$a171129$c140110$dm$eb$fb$g0
=909  \\$ab0000030447203
=915  \\$aBZCz 2014/01/3217
=916  \\$aGłąb, Anna   (1979- )
=931  \\$a1(045/046)
=931  \\$a82(091)+82.0(045/046)
=945  2\$b1801$b1900
=950  \\$uhttps://eu.alma.exlibrisgroup.com/view/uresolver/48OMNIS_NLOP/openurl?u.ignore_date_coverage=true&portfolio_pid=53660135240005066&Force_direct=true$zZobacz w Polonie$853660135240005066
=958  \\$aLiteraturoznawstwo
=980  \\$aArtykuły
=995  \\$aPolska Bibliografia Literacka$bPBL 2004-2020: czasopisma
=996  \\$a.b30447203$9local
=998  \\$ao$av$9local
=999  \\$abzcz$bws$cws$x01$y2014$amerk$xpoprawione

