=LDR  01552nab a2200469 i 4500
=001  b0000003044721
=005  20200502060048.7
=008  140110s2013\\\\pl\\\\\\\\\\\|000\1\pol\\
=009  991022504759705066
=015  \\$aBZCz 2014/01/3721
=035  \\$a(EXLNZ-48OMNIS_NETWORK)9910427693905606
=035  \\$a(OCoLC)899900714
=035  \\$a(PL)b0000003044721
=035  \\$a(PL-WaBN)b30447215-48omnis_nlop
=035  \\$a991022504759705066
=035  \\$ab30447215
=040  \\$aWA N$cWA N
=080  \\$a821.162.1-1/-9(045/046)
=100  1\$aSłomianowski, Andrzej$d(1943- )$1http://viaf.org/viaf/101920289
=245  10$aChusteczka Ojca /$cAndrzej Słomianowski.
=260  \\$c2013.
=336  \\$aTekst$btxt$2rdacontent
=337  \\$aBez urządzenia pośredniczącego$bn$2rdamedia
=338  \\$aWolumin$bnc$2rdacarrier
=380  \\$iMajor genre$aLiterature$leng
=380  \\$aArtykuły
=381  \\$iMajor genre$aLyrical poetry$leng
=388  1\$a2001-
=655  \7$aPoezja polska$y21 w.$2DBN
=773  0\$iW:$tTopos.$x1230-8943.$gR. 20, nr 6 (2013), s. 48-49$sTopos (Sopot)
=902  \\$a170217$c140110$dm$eb$fb$g0
=909  \\$ab0000030447215
=915  \\$aBZCz 2014/01/3721
=916  \\$aSłomianowski, Andrzej   (1943- )
=931  \\$a821.162.1-1/-9(045/046)
=955  \7$aPoezja polska$y21 w.$2DBN
=980  \\$aArtykuły
=995  \\$aPolska Bibliografia Literacka$bPBL 2004-2020: czasopisma
=996  \\$a.b30447215$9local
=998  \\$ao$av$9local
=999  \\$aDBNd$bjka$xpoprawione
=999  \\$abzcz$bkw$caw$x01$y2014

