=LDR  01877nab a2200517 i 4500
=001  b0000003044727
=005  20200502060117.6
=008  140110s2013\\\\pl\\\\\\\\\\\|000\0\pol\\
=009  991022504979705066
=015  \\$aBZCz 2014/01/3364
=035  \\$a(EXLNZ-48OMNIS_NETWORK)9910454322005606
=035  \\$a(OCoLC)899900739
=035  \\$a(PL)b0000003044727
=035  \\$a(PL-WaBN)b30447276-48omnis_nlop
=035  \\$a991022504979705066
=035  \\$ab30447276
=040  \\$aWA N$cWA N
=080  \\$a821.162.1(091)(045/046)
=100  1\$aBryll, Ernest$d(1935- )$1http://viaf.org/viaf/276892060
=245  10$a"Nie chciałem pisać wierszy" /$cErnest Bryll ; rozm. przepr. Martyna Badowicz.
=260  \\$c2013.
=336  \\$aTekst$btxt$2rdacontent
=337  \\$aBez urządzenia pośredniczącego$bn$2rdamedia
=338  \\$aWolumin$bnc$2rdacarrier
=380  \\$iMajor genre$aLiterature$leng
=380  \\$aArtykuły
=381  \\$iMajor genre$aLyrical poetry$leng
=381  \\$iMajor genre$aOther$leng
=600  17$aBryll, Ernest$d(1935- )$2DBN$1http://viaf.org/viaf/276892060
=655  \7$aPoezja polska$xhistoria$yod 1944 r.$2DBN
=655  \7$aWywiad dziennikarski$2DBN
=700  1\$aBadowicz, Martyna$d(1990- )$1http://viaf.org/viaf/308778569
=773  0\$iW:$tTopos.$x1230-8943.$gR. 20, nr 6 (2013), s. 50-54$sTopos (Sopot)
=902  \\$a170217$c140110$dm$eb$fb$g0
=909  \\$ab0000030447276
=915  \\$aBZCz 2014/01/3364
=916  \\$aBryll, Ernest   (1935- )
=918  1\$aBadowicz, Martyna$d(1990- )
=931  \\$a821.162.1(091)(045/046)
=955  \7$aPoezja polska$xhistoria$yod 1944 r.$2DBN
=955  \7$aWywiad dziennikarski$2DBN
=980  \\$aArtykuły
=995  \\$aPolska Bibliografia Literacka$bPBL 2004-2020: czasopisma
=996  \\$a.b30447276$9local
=998  \\$ao$av$9local
=999  \\$abzcz$bkw$caw$x01$y2014$xpoprawione

