=LDR  01739nab a2200493 i 4500
=001  b0000003044731
=005  20200502060108.6
=008  140110s2013\\\\pl\\\\\\\\\\\|000\0\pol\\
=009  991022505109705066
=015  \\$aBZCz 2014/01/3439
=035  \\$a(EXLNZ-48OMNIS_NETWORK)9910238242805606
=035  \\$a(OCoLC)899900748
=035  \\$a(PL)b0000003044731
=035  \\$a(PL-WaBN)b30447318-48omnis_nlop
=035  \\$a991022505109705066
=035  \\$ab30447318
=040  \\$aWA N$cWA N
=080  \\$a821.162.1(091)(045/046)
=100  1\$aKudyba, Wojciech$d(1965- )$1http://viaf.org/viaf/277111619
=245  10$aMejl do Artura Fryza :$bo objętości /$cWojciech Kudyba.
=260  \\$c2013.
=336  \\$aTekst$btxt$2rdacontent
=337  \\$aBez urządzenia pośredniczącego$bn$2rdamedia
=338  \\$aWolumin$bnc$2rdacarrier
=380  \\$iMajor genre$aLiterature$leng
=380  \\$aArtykuły
=381  \\$iMajor genre$aLyrical poetry$leng
=520  8\$aDot. książki "Klatka schodowa, kieszeń minotaura" A. Fryza.
=600  17$aFryz, Artur$d(1963-2013)$2DBN$1http://viaf.org/viaf/165414384
=648  \7$a2001-$2DBN
=655  \7$aPoezja polska$xhistoria$y21 w.$2DBN
=773  0\$iW:$tTopos.$x1230-8943.$gR. 20, nr 6 (2013), s. 60-63$sTopos (Sopot)
=902  \\$a170217$c140110$dm$eb$fb$g0
=909  \\$ab0000030447318
=915  \\$aBZCz 2014/01/3439
=916  \\$aKudyba, Wojciech   (1965- )
=931  \\$a821.162.1(091)(045/046)
=955  \7$aPoezja polska$xhistoria$y21 w.$2DBN
=980  \\$aArtykuły
=995  \\$aPolska Bibliografia Literacka$bPBL 2004-2020: czasopisma
=996  \\$a.b30447318$9local
=998  \\$ao$av$9local
=999  \\$aDBNd$bjka$xpoprawione
=999  \\$abzcz$bkw$x01$y2014

