=LDR  01670nab a2200505 i 4500
=001  b0000003044736
=005  20200502060123.3
=008  140110s2013\\\\pl\\\\\\\\\\\|000\0apol\\
=009  991022505309705066
=015  \\$aBZCz 2014/01/3650
=035  \\$a(EXLNZ-48OMNIS_NETWORK)9910209145105606
=035  \\$a(OCoLC)899900449
=035  \\$a(PL)b0000003044736
=035  \\$a(PL-WaBN)b30447367-48omnis_nlop
=035  \\$a991022505309705066
=035  \\$ab30447367
=040  \\$aWA N$cWA N
=080  \\$a821.162.1(091)(045/046)
=080  \\$a929(045/046)
=100  1\$aKass, Wojciech$d(1964- )$1http://viaf.org/viaf/53750668
=245  10$aNotes.$n[Cz.] 22 /$cWojciech Kass.
=260  \\$c2013.
=336  \\$aTekst$btxt$2rdacontent
=337  \\$aBez urządzenia pośredniczącego$bn$2rdamedia
=338  \\$aWolumin$bnc$2rdacarrier
=380  \\$iMajor genre$aLiterature$leng
=380  \\$aArtykuły
=381  \\$iMajor genre$aOther$leng
=388  1\$a2001-
=600  17$aKass, Wojciech$d(1964- )$2DBN$1http://viaf.org/viaf/53750668
=655  \7$aPamiętniki polskie$y21 w.$2DBN
=773  0\$iW:$tTopos.$x1230-8943.$gR. 20, nr 6 (2013), s. 114-125$sTopos (Sopot)
=902  \\$a170217$c140110$dm$eb$fb$g0
=909  \\$ab0000030447367
=915  \\$aBZCz 2014/01/3650
=916  \\$aKass, Wojciech   (1964- )
=931  \\$a821.162.1(091)(045/046)
=931  \\$a929(045/046)
=955  \7$aPamiętniki polskie$y21 w.$2DBN
=980  \\$aArtykuły
=995  \\$aPolska Bibliografia Literacka$bPBL 2004-2020: czasopisma
=996  \\$a.b30447367$9local
=998  \\$ao$av$9local
=999  \\$aDBNd$bjka$xpoprawione
=999  \\$abzcz$baw$caw$x01$y2014

