=LDR  02071nab a2200541 i 4500
=001  b0000003044747
=005  20200501071331.1
=008  140110s2013\\\\pl\\\\\\\\\\\|000\0apol\\
=009  991022505719705066
=015  \\$aBZCz 2014/01/3414
=035  \\$a(EXLNZ-48OMNIS_NETWORK)9910011632005606
=035  \\$a(OCoLC)899900810
=035  \\$a(PL)b0000003044747
=035  \\$a(PL-WaBN)b30447471-48omnis_nlop
=035  \\$a991022505719705066
=035  \\$ab30447471
=040  \\$aWA N$cWA N
=080  \\$a821.162.1(091)(045/046)
=100  1\$aHoffman, Kazimierz$d(1928-2009)$1http://viaf.org/viaf/100852102
=245  10$aDziennik :$b(fragmenty) /$cKazimierz Hoffman. "Dziennik" Kazimierza Hoffmana - komentarz / Grzegorz Kalinowski.
=260  \\$c2013.
=336  \\$aTekst$btxt$2rdacontent
=337  \\$aBez urządzenia pośredniczącego$bn$2rdamedia
=338  \\$aWolumin$bnc$2rdacarrier
=380  \\$iMajor genre$aLiterature$leng
=380  \\$aArtykuły
=381  \\$iMajor genre$aOther$leng
=381  \\$iMajor genre$aLyrical poetry$leng
=600  17$aHoffman, Kazimierz$d(1928-2009)$2DBN$1http://viaf.org/viaf/100852102
=648  \7$a2001-$2DBN
=650  \7$aPisarze polscy$yod 1944 r.$2DBN
=655  \7$aPamiętniki polskie$y21 w.$2DBN
=655  \7$aPoezja polska$xhistoria$yod 1944 r.$2DBN
=700  12$aKalinowski, Grzegorz$d(1955- )$t"Dziennik" Kazimierza Hoffmana - komentarz$1http://viaf.org/viaf/165285294
=773  0\$iW:$tTopos.$x1230-8943.$gR. 20, nr 6 (2013), s. 69-95$sTopos (Sopot)
=902  \\$a170217$c140110$dm$eb$fb$g0
=909  \\$ab0000030447471
=915  \\$aBZCz 2014/01/3414
=916  \\$aHoffman, Kazimierz   (1928-2009)
=918  12$aKalinowski, Grzegorz$d(1955- ).
=931  \\$a821.162.1(091)(045/046)
=955  \7$aPamiętniki polskie$y21 w.$2DBN
=955  \7$aPoezja polska$xhistoria$yod 1944 r.$2DBN
=980  \\$aArtykuły
=995  \\$aPolska Bibliografia Literacka$bPBL 2004-2020: czasopisma
=996  \\$a.b30447471$9local
=998  \\$ao$av$9local
=999  \\$abzcz$bkw$caw$x01$y2014$xpoprawione

