=LDR  02028nab a2200541 i 4500
=001  b0000003044752
=005  20200501071417.4
=008  140110s2013\\\\pl\\\\\\\\\\\|000\0\pol\\
=009  991022505879705066
=015  \\$aBZCz 2014/01/3398
=035  \\$a(EXLNZ-48OMNIS_NETWORK)9910005777205606
=035  \\$a(OCoLC)899900815
=035  \\$a(PL)b0000003044752
=035  \\$a(PL-WaBN)b30447525-48omnis_nlop
=035  \\$a991022505879705066
=035  \\$ab30447525
=040  \\$aWA N$cWA N
=080  \\$a80/81(045/046)
=080  \\$a821.162.1(091)(045/046)
=100  1\$aGleń, Adrian$d(1977- )$1http://viaf.org/viaf/101697282
=245  10$a"Cierpka powściągliwość", albo o naskórku języka :$bJulian Kornhauser czyta "Piąty zbiór wierszy" Ewy Lipskiej /$cAdrian Gleń.
=260  \\$c2013.
=336  \\$aTekst$btxt$2rdacontent
=337  \\$aBez urządzenia pośredniczącego$bn$2rdamedia
=338  \\$aWolumin$bnc$2rdacarrier
=380  \\$iMajor genre$aLiterature$leng
=380  \\$aArtykuły
=381  \\$iMajor genre$aLyrical poetry$leng
=600  17$aKornhauser, Julian$d(1946- )$2DBN$1http://viaf.org/viaf/27082586
=600  17$aLipska, Ewa$d(1945- )$2DBN$1http://viaf.org/viaf/90721613
=648  \7$a1901-2000$2DBN
=648  \7$a1945-1989$2DBN
=655  \7$aPoezja polska$xhistoria$y1944-1989 r.$2DBN
=655  \7$aPoezja polska$xstylistyka$y1944-1989 r.$2DBN
=773  0\$iW:$tTopos.$x1230-8943.$gR. 20, nr 6 (2013), s. 131-134$sTopos (Sopot)
=902  \\$a170217$c140110$dm$eb$fb$g0
=909  \\$ab0000030447525
=915  \\$aBZCz 2014/01/3398
=916  \\$aGleń, Adrian   (1977- )
=931  \\$a80/81(045/046)
=931  \\$a821.162.1(091)(045/046)
=955  \7$aPoezja polska$xhistoria$y1944-1989 r.$2DBN
=955  \7$aPoezja polska$xstylistyka$y1944-1989 r.$2DBN
=980  \\$aArtykuły
=995  \\$aPolska Bibliografia Literacka$bPBL 2004-2020: czasopisma
=996  \\$a.b30447525$9local
=998  \\$ao$av$9local
=999  \\$abzcz$baw$caw$x01$y2014$xpoprawione

