=LDR  01559nab a2200469 i 4500
=001  b0000003044764
=005  20200502060025.3
=008  140110s2013\\\\pl\\\\\\\\\\\|000\1\pol\\
=009  991022506369705066
=015  \\$aBZCz 2014/01/3719
=035  \\$a(EXLNZ-48OMNIS_NETWORK)9910185180405606
=035  \\$a(OCoLC)899900860
=035  \\$a(PL)b0000003044764
=035  \\$a(PL-WaBN)b30447641-48omnis_nlop
=035  \\$a991022506369705066
=035  \\$ab30447641
=040  \\$aWA N$cWA N
=080  \\$a821.162.1-1/-9(045/046)
=100  1\$aSkwarski, Ryszard$d(1947- )$1http://viaf.org/viaf/162036769
=245  10$aTaniec wiejski przed parą książęcą /$cRyszard Skwarski.
=260  \\$c2013.
=336  \\$aTekst$btxt$2rdacontent
=337  \\$aBez urządzenia pośredniczącego$bn$2rdamedia
=338  \\$aWolumin$bnc$2rdacarrier
=380  \\$iMajor genre$aLiterature$leng
=380  \\$aArtykuły
=381  \\$iMajor genre$aFiction$leng
=388  1\$a2001-
=655  \7$aProza polska$y21 w.$2DBN
=773  0\$iW:$tTopos.$x1230-8943.$gR. 20, nr 6 (2013), s. 139-142$sTopos (Sopot)
=902  \\$a170217$c140110$dm$eb$fb$g0
=909  \\$ab0000030447641
=915  \\$aBZCz 2014/01/3719
=916  \\$aSkwarski, Ryszard   (1947- )
=931  \\$a821.162.1-1/-9(045/046)
=955  \7$aProza polska$y21 w.$2DBN
=980  \\$aArtykuły
=995  \\$aPolska Bibliografia Literacka$bPBL 2004-2020: czasopisma
=996  \\$a.b30447641$9local
=998  \\$ao$av$9local
=999  \\$aDBNd$bjka$xpoprawione
=999  \\$abzcz$baw$caw$x01$y2014

