=LDR  01702nab a2200481 i 4500
=001  b0000003044777
=005  20200502060107.6
=008  140110s2013\\\\pl\\\\\\\\\\\|000\0\pol\\
=009  991022506939705066
=015  \\$aBZCz 2014/01/3399
=035  \\$a(EXLNZ-48OMNIS_NETWORK)9910441394805606
=035  \\$a(OCoLC)899900835
=035  \\$a(PL)b0000003044777
=035  \\$a(PL-WaBN)b3044777x-48omnis_nlop
=035  \\$a991022506939705066
=035  \\$ab3044777x
=040  \\$aWA N$cWA N
=080  \\$a821.162.1(091)(045/046)
=100  1\$aGleń, Adrian$d(1977- )$1http://viaf.org/viaf/101697282
=245  10$a(Nie)codzienność i obiektywizm :$buwagi o "Rzeczach R" Zygmunta Krukowskiego /$cAdrian Gleń.
=260  \\$c2013.
=336  \\$aTekst$btxt$2rdacontent
=337  \\$aBez urządzenia pośredniczącego$bn$2rdamedia
=338  \\$aWolumin$bnc$2rdacarrier
=380  \\$iMajor genre$aLiterature$leng
=380  \\$aArtykuły
=381  \\$iMajor genre$aLyrical poetry$leng
=600  17$aKrukowski, Zygmunt$d(1951- )$2DBN$1http://viaf.org/viaf/164591615
=648  \7$a2001-$2DBN
=655  \7$aPoezja polska$xhistoria$y21 w.$2DBN
=773  0\$iW:$tTopos.$x1230-8943.$gR. 20, nr 6 (2013), s. 143-151$sTopos (Sopot)
=902  \\$a170217$c140110$dm$eb$fb$g0
=909  \\$ab000003044777x
=915  \\$aBZCz 2014/01/3399
=916  \\$aGleń, Adrian   (1977- )
=931  \\$a821.162.1(091)(045/046)
=955  \7$aPoezja polska$xhistoria$y21 w.$2DBN
=980  \\$aArtykuły
=995  \\$aPolska Bibliografia Literacka$bPBL 2004-2020: czasopisma
=996  \\$a.b3044777x$9local
=998  \\$ao$av$9local
=999  \\$aDBNd$bjka$xpoprawione
=999  \\$abzcz$baw$caw$x01$y2014

