=LDR  02037nab a2200589 i 4500
=001  b0000003044794
=005  20210512091747.1
=008  140110s2013\\\\pl\\\\\\\\\\\|000\0\pol\\
=009  991022507539705066
=015  \\$aBZCz 2014/01/3060
=035  \\$a(EXLNZ-48OMNIS_NETWORK)9910088569205606
=035  \\$a(OCoLC)899900871
=035  \\$a(PL)b0000003044794
=035  \\$a(PL-WaBN)b3044794x-48omnis_nlop
=035  \\$a991022507539705066
=035  \\$ab3044794x
=040  \\$aWA N$cWA N$dWA N
=041  0\$apol$beng
=080  \\$a050+070(045/046)
=080  \\$a659(045/046)
=080  \\$a7.096/.097(045/046)
=080  \\$a80/81(045/046)
=100  1\$aMilusz, Mariola
=245  10$aIntertekstualność w reklamie prasowej i telewizyjnej /$cMariola Milusz.
=260  \\$c2013.
=336  \\$aTekst$btxt$2rdacontent
=337  \\$aBez urządzenia pośredniczącego$bn$2rdamedia
=338  \\$aWolumin$bnc$2rdacarrier
=380  \\$aArtykuły
=504  \\$aBibliogr., netogr.
=546  \\$aStreszcz. ang.
=650  \7$aIntertekstualność$2DBN
=650  \7$aJęzyk polski$2DBN
=650  \7$aReklama prasowa$2DBN
=650  \7$aReklama telewizyjna$2DBN
=658  \\$aJęzykoznawstwo
=773  0\$iW:$tPoradnik Językowy (Kraków ; 1919).$x0551-5343.$g2013, z. 4. s. 87-97$sPoradnik Językowy (1919)
=902  \\$a170217$c140110$dm$eb$fb$g0
=909  \\$ab000003044794x
=915  \\$aBZCz 2014/01/3060
=916  \\$aMilusz, Mariola
=931  \\$a050+070(045/046)
=931  \\$a659(045/046)
=931  \\$a7.096/.097(045/046)
=931  \\$a80/81(045/046)
=950  \\$uhttps://eu.alma.exlibrisgroup.com/view/uresolver/48OMNIS_NLOP/openurl?u.ignore_date_coverage=true&portfolio_pid=53661033540005066&Force_direct=true$zZobacz w Polonie$853661033540005066
=958  \\$aJęzykoznawstwo
=980  \\$aArtykuły
=995  \\$aPolska Bibliografia Literacka$bPBL 2004-2020: czasopisma
=996  \\$a.b3044794x$9local
=998  \\$ao$av$9local
=999  \\$abzcz$bjds$cjds$x01$y2014$amerk$xpoprawione

