=LDR  02136nab a2200601 i 4500
=001  b0000003044798
=005  20200502060019.4
=008  140110s2013\\\\pl\\\\\\\\\\\|000\0\ger\\
=009  991022507679705066
=015  \\$aBZCz 2014/01/2040
=035  \\$a(EXLNZ-48OMNIS_NETWORK)9910372040005606
=035  \\$a(OCoLC)899900966
=035  \\$a(PL)b0000003044798
=035  \\$a(PL-WaBN)b30447987-48omnis_nlop
=035  \\$a991022507679705066
=035  \\$ab30447987
=040  \\$aWA N$cWA N
=041  0\$ager$beng
=080  \\$a37.016(045/046)
=080  \\$a80/81(045/046)
=080  \\$a82(091)+82.0(045/046)
=100  1\$aCastro Moreno, Carmen
=245  14$aDer Whodunit als Hilfsmittel im Fremdsprachenunterricht :$bdargestellt anhand von Jaume Fusters "Claus de vidre" /$cCarmen Castro Moreno, Kurt Rüdinger.
=260  \\$c2013.
=336  \\$aTekst$btxt$2rdacontent
=337  \\$aBez urządzenia pośredniczącego$bn$2rdamedia
=338  \\$aWolumin$bnc$2rdacarrier
=380  \\$iMajor genre$aLiterature$leng
=380  \\$aArtykuły
=381  \\$iMajor genre$aFiction$leng
=504  \\$aBibliogr.
=546  \\$aStreszcz. ang.
=600  17$aFuster, Jaume$d(1945-1998)$tClaus de vidre$2DBN$1http://viaf.org/viaf/93090229
=650  \7$aJęzyki$xnauczanie$xmetody$2DBN
=650  \7$aTekst$xrecepcja$2DBN
=650  \7$aUczenie się$2DBN
=655  \7$aPowieść katalońska$xhistoria$2DBN
=700  1\$aRüdinger, Kurt
=773  0\$iW:$tGermanica Wratislaviensia.$x0435-5865.$gNr 138 (2013), s. 163-172$sActa Universitatis Wratislaviensis. Germanica Wratislaviensia
=902  \\$a170217$c140110$dm$eb$fb$g4
=909  \\$ab0000030447987
=915  \\$aBZCz 2014/01/2040
=916  \\$aCastro Moreno, Carmen
=918  1\$aRüdinger, Kurt
=931  \\$a37.016(045/046)
=931  \\$a80/81(045/046)
=931  \\$a82(091)+82.0(045/046)
=955  \7$aPowieść katalońska$xhistoria$2DBN
=980  \\$aArtykuły
=995  \\$aPolska Bibliografia Literacka$bPBL 2004-2020: czasopisma
=996  \\$a.b30447987$9local
=998  \\$ao$av$9local
=999  \\$abzcz$bpg$x01$y2014$amerk$xpoprawione

