=LDR  01853nab a2200481 i 4500
=001  b0000003044808
=005  20200502060141.1
=008  140110s2013\\\\pl\\\\\\\\\\\|000\0\pol\\
=009  991022508079705066
=015  \\$aBZCz 2014/01/3473
=035  \\$a(EXLNZ-48OMNIS_NETWORK)9910515032505606
=035  \\$a(OCoLC)899900988
=035  \\$a(PL)b0000003044808
=035  \\$a(PL-WaBN)b30448086-48omnis_nlop
=035  \\$a991022508079705066
=035  \\$ab30448086
=040  \\$aWA N$cWA N
=080  \\$a821.162.1(091)(045/046)
=100  1\$aNowaczewski, Artur$d(1978- )$1http://viaf.org/viaf/166239968
=245  10$aCiemne wiersze, zakazane fotografie /$cArtur Nowaczewski.
=260  \\$c2013.
=336  \\$aTekst$btxt$2rdacontent
=337  \\$aBez urządzenia pośredniczącego$bn$2rdamedia
=338  \\$aWolumin$bnc$2rdacarrier
=380  \\$iMajor genre$aSecondary literature$leng
=380  \\$aArtykuły
=520  8\$aZawiera rec. książki: Czarna skrzynka / Roman Misiewicz. - Toronto, 2013.
=600  17$aMisiewicz, Roman$d(1964- )$tCzarna skrzynka$2DBN$1http://viaf.org/viaf/311580789
=655  \7$aRecenzja literacka$2DBN
=740  0\$aCzarna akrzynka - recenzja
=773  0\$iW:$tTopos.$x1230-8943.$gR. 20, nr 6 (2013), s. 161-162$sTopos (Sopot)
=856  42$uhttp://libri.ucl.cas.cz/Record/b0000006098302$yreview of: Misiewicz Roman, Czarna skrzynka, Sooni project, [Toronto] copyright 2013
=902  \\$a170217$c140110$dm$eb$fb$g0
=909  \\$ab0000030448086
=915  \\$aBZCz 2014/01/3473
=916  \\$aNowaczewski, Artur   (1978- )
=931  \\$a821.162.1(091)(045/046)
=955  \7$aRecenzja literacka$2DBN
=980  \\$aArtykuły
=995  \\$aPolska Bibliografia Literacka$bPBL 2004-2020: czasopisma
=996  \\$a.b30448086$9local
=998  \\$ao$av$9local
=999  \\$abzcz$baw$caw$x01$y2014$xpoprawione

