=LDR  01880nab a2200481 i 4500
=001  b0000003044815
=005  20200501071346.8
=008  140110s2013\\\\pl\\\\\\\\\\\|000\0\pol\\
=009  991022508329705066
=015  \\$aBZCz 2014/01/3429
=035  \\$a(EXLNZ-48OMNIS_NETWORK)9910048005105606
=035  \\$a(OCoLC)899900744
=035  \\$a(PL)b0000003044815
=035  \\$a(PL-WaBN)b30448153-48omnis_nlop
=035  \\$a991022508329705066
=035  \\$ab30448153
=040  \\$aWA N$cWA N
=080  \\$a821.162.1(091)(045/046)
=100  1\$aKociuba, Grzegorz$d(1963- )$1http://viaf.org/viaf/164211909
=245  10$aZobaczyć więcej /$cGrzegorz Kociuba.
=260  \\$c2013.
=336  \\$aTekst$btxt$2rdacontent
=337  \\$aBez urządzenia pośredniczącego$bn$2rdamedia
=338  \\$aWolumin$bnc$2rdacarrier
=380  \\$iMajor genre$aSecondary literature$leng
=380  \\$aArtykuły
=520  8\$aZawiera rec. książki: Na więcej, na przepadłe / Wacław Tkaczuk. - Warszawa, 2013.
=600  17$aTkaczuk, Wacław$d(1942-2018)$tNa więcej, na przepadłe$2DBN$1http://viaf.org/viaf/164227654
=655  \7$aRecenzja literacka$2DBN
=740  0\$aNa więcej, na przepadłe - recenzja
=773  0\$iW:$tTopos.$x1230-8943.$gR. 20, nr 6 (2013), s. 162-163$sTopos (Sopot)
=856  42$uhttp://libri.ucl.cas.cz/Record/b0000002929701$yreview of: Tkaczuk Wacław, Na więcej, na przepadłe, Wydawnictwo Iskry, Warszawa cop. 2013
=902  \\$a180105$c140110$dm$eb$fb$g0
=909  \\$ab0000030448153
=915  \\$aBZCz 2014/01/3429
=916  \\$aKociuba, Grzegorz   (1963- )
=931  \\$a821.162.1(091)(045/046)
=955  \7$aRecenzja literacka$2DBN
=980  \\$aArtykuły
=995  \\$aPolska Bibliografia Literacka$bPBL 2004-2020: czasopisma
=996  \\$a.b30448153$9local
=998  \\$ao$av$9local
=999  \\$abzcz$baw$caw$x01$y2014$xpoprawione

