=LDR  02000nab a2200493 i 4500
=001  b0000003044816
=005  20200502060011.7
=008  140110s2013\\\\pl\\\\\\\\\\\|000\0\pol\\
=009  991022508369705066
=015  \\$aBZCz 2014/01/3495
=035  \\$a(EXLNZ-48OMNIS_NETWORK)9910407593405606
=035  \\$a(OCoLC)899900745
=035  \\$a(PL)b0000003044816
=035  \\$a(PL-WaBN)b30448165-48omnis_nlop
=035  \\$a991022508369705066
=035  \\$ab30448165
=040  \\$aWA N$cWA N
=080  \\$a821.162.1(091)(045/046)
=100  1\$aPyzik, Tomasz$d(1975- )$1http://viaf.org/viaf/166815062
=245  10$aPoetycki przewodnik po współczesności /$cTomasz Pyzik.
=260  \\$c2013.
=336  \\$aTekst$btxt$2rdacontent
=337  \\$aBez urządzenia pośredniczącego$bn$2rdamedia
=338  \\$aWolumin$bnc$2rdacarrier
=380  \\$iMajor genre$aSecondary literature$leng
=380  \\$aArtykuły
=520  8\$aZawiera rec. książki: Węzły, sukienki, żagle : nowa poezja, ojczyzna i dziewczyna : antologia wierszy współczesnych. - Kutno, 2013.
=630  07$aWęzły, sukienki, żagle$2DBN
=655  \7$aRecenzja literacka$2DBN
=740  0\$aWęzły, sukienki, żagle - recenzja
=773  0\$iW:$tTopos.$x1230-8943.$gR. 20, nr 6 (2013), s. 163-165$sTopos (Sopot)
=856  42$uhttp://libri.ucl.cas.cz/Record/b0000002927004$yreview of: [no author], Węzły, sukienki, żagle : nowa poezja, ojczyzna i dziewczyna : antologia wierszy współczesnych, Kutnowski Dom Kultury, Kutno 2013
=902  \\$a170217$c140110$dm$eb$fb$g0
=909  \\$ab0000030448165
=915  \\$aBZCz 2014/01/3495
=916  \\$aPyzik, Tomasz   (1975- )
=930  07$aWęzły, sukienki, żagle$2DBN
=931  \\$a821.162.1(091)(045/046)
=955  \7$aRecenzja literacka$2DBN
=980  \\$aArtykuły
=995  \\$aPolska Bibliografia Literacka$bPBL 2004-2020: czasopisma
=996  \\$a.b30448165$9local
=998  \\$ao$av$9local
=999  \\$abzcz$baw$caw$x01$y2014$xpoprawione
